%YAML 1.1
%TAG !u! tag:unity3d.com,2011:
--- !u!1001 &100100000
Prefab:
  m_ObjectHideFlags: 1
  serializedVersion: 2
  m_Modification:
    m_TransformParent: {fileID: 0}
    m_Modifications: []
    m_RemovedComponents: []
  m_ParentPrefab: {fileID: 0}
  m_RootGameObject: {fileID: 1233026554410094}
  m_IsPrefabParent: 1
--- !u!1 &1233026554410094
GameObject:
  m_ObjectHideFlags: 0
  m_PrefabParentObject: {fileID: 0}
  m_PrefabInternal: {fileID: 100100000}
  serializedVersion: 5
  m_Component:
  - component: {fileID: 4807970490524700}
  - component: {fileID: 114190927611789680}
  - component: {fileID: 114898528568981260}
  - component: {fileID: 114740326475804938}
  m_Layer: 0
  m_Name: FrozenFX
  m_TagString: Untagged
  m_Icon: {fileID: 0}
  m_NavMeshLayer: 0
  m_StaticEditorFlags: 0
  m_IsActive: 1
--- !u!4 &4807970490524700
Transform:
  m_ObjectHideFlags: 1
  m_PrefabParentObject: {fileID: 0}
  m_PrefabInternal: {fileID: 100100000}
  m_GameObject: {fileID: 1233026554410094}
  m_LocalRotation: {x: 0, y: 0, z: 0, w: 1}
  m_LocalPosition: {x: 0, y: 0, z: 0}
  m_LocalScale: {x: 1, y: 1, z: 1}
  m_Children: []
  m_Father: {fileID: 0}
  m_RootOrder: 0
  m_LocalEulerAnglesHint: {x: 0, y: 0, z: 0}
--- !u!114 &114190927611789680
MonoBehaviour:
  m_ObjectHideFlags: 1
  m_PrefabParentObject: {fileID: 0}
  m_PrefabInternal: {fileID: 100100000}
  m_GameObject: {fileID: 1233026554410094}
  m_Enabled: 1
  m_EditorHideFlags: 0
  m_Script: {fileID: 11500000, guid: 7d7d9f552846540c098ecff7a98c8d78, type: 3}
  m_Name: 
  m_EditorClassIdentifier: 
  _explosion: {fileID: 0}
  _data: {fileID: 114898528568981260}
--- !u!114 &114740326475804938
MonoBehaviour:
  m_ObjectHideFlags: 1
  m_PrefabParentObject: {fileID: 0}
  m_PrefabInternal: {fileID: 100100000}
  m_GameObject: {fileID: 1233026554410094}
  m_Enabled: 1
  m_EditorHideFlags: 0
  m_Script: {fileID: 11500000, guid: 65531ae0718234b03be9da705454f6ec, type: 3}
  m_Name: 
  m_EditorClassIdentifier: 
  _attackData: {fileID: 114898528568981260}
  _frozenMaterial: {fileID: 2100000, guid: 2fb48e5c64709460b9feb548b2376f99, type: 2}
--- !u!114 &114898528568981260
MonoBehaviour:
  m_ObjectHideFlags: 1
  m_PrefabParentObject: {fileID: 0}
  m_PrefabInternal: {fileID: 100100000}
  m_GameObject: {fileID: 1233026554410094}
  m_Enabled: 1
  m_EditorHideFlags: 0
  m_Script: {fileID: 11500000, guid: 747ced6a6031946ff907a6e2c91c44d3, type: 3}
  m_Name: 
  m_EditorClassIdentifier: 
  _root: {fileID: 1233026554410094}
  _expController: {fileID: 0}
  _scoreController: {fileID: 0}
  _networkID: 
  _nickname: 
  _team: 0
  _itemType: 0
  _canAttack: 1
  _canMove: 1
  _canRotate: 1
  _inputKey: 0
  _x: 0
  _y: 0
  _rot: {x: 0, y: 0, z: 0, w: 1}
  _forSpeedRatio: 0
  _rotSpeedRatio: 0
  _moveAnimatorRatio: 0.1
  _forSpeedLevel: []
  _rotSpeedLevel: []
  _attackIntervalLevel: []
  _maxLifeLevel: 
  _maxEnergyLevel: 
  _energyRecoveryLevel: 
  _defenseLevel: 
  _randomDodge: 
  _maxLevel: 20
  _currentLife: 0
  _currentEnergy: 0
  _currentEXP: 0
  _currentScore: 0
  _currentDodgeLevel: 0
  _deathEXP: 0
  _deathScore: 0
  _currentPlayerLevel: 0
  _currentSkillLevel: 0
  _currentMaxLifeLevel: 0
  _currentMaxEnergyLevel: 0
  _currentEnergyRecoveryLevel: 0
  _currentAttackIntervalLevel: 0
  _currentDefenseLevel: 0
  _currentForwardSpeedLevel: 0
  _currentRotationSpeedLevel: 0
  _currentWeaponRegularDamageLevel: 0
  _currentWeaponUltimateDamageLevel: 0
  _currentWeaponSuckBloodLevel: 0
  _currentWeaponActiveTimeLevel: 0
  _currentWeaponDamageForceLevel: 0
  _currentWeaponSlowSpeedLevel: 0
  _currentWeaponSlowSpeedResetLevel: 0
  _currentWeaponAttachDamageLevel: 0
  _currentWeaponRandomKnockBackLevel: 0
  _currentWeaponBleedingLevel: 0
  _ownerNetworkID: 
  _attackForceLevel: 
  _damageLevel: 
  _suckBloodLevel: 
  _bleedingLevel: 
  _slowSpeedLevel: 
  _activeTimeLevel:
  - 1
  _slowSpeedResetTimeLevel: []
  _attachDamageLevel: []
  _randomKnockBack: []
