%YAML 1.1
%TAG !u! tag:unity3d.com,2011:
--- !u!1001 &100100000
Prefab:
  m_ObjectHideFlags: 1
  serializedVersion: 2
  m_Modification:
    m_TransformParent: {fileID: 0}
    m_Modifications: []
    m_RemovedComponents: []
  m_ParentPrefab: {fileID: 0}
  m_RootGameObject: {fileID: 1908412370687094}
  m_IsPrefabParent: 1
--- !u!1 &1231884971254260
GameObject:
  m_ObjectHideFlags: 0
  m_PrefabParentObject: {fileID: 0}
  m_PrefabInternal: {fileID: 100100000}
  serializedVersion: 5
  m_Component:
  - component: {fileID: 4584838478977490}
  - component: {fileID: 114942288549553402}
  - component: {fileID: 114755495967863520}
  m_Layer: 0
  m_Name: Logic
  m_TagString: Untagged
  m_Icon: {fileID: 0}
  m_NavMeshLayer: 0
  m_StaticEditorFlags: 0
  m_IsActive: 1
--- !u!1 &1908412370687094
GameObject:
  m_ObjectHideFlags: 0
  m_PrefabParentObject: {fileID: 0}
  m_PrefabInternal: {fileID: 100100000}
  serializedVersion: 5
  m_Component:
  - component: {fileID: 4482423194337280}
  - component: {fileID: 82189457360888122}
  - component: {fileID: 114625989216978436}
  - component: {fileID: 114649729080583764}
  - component: {fileID: 114773480986403586}
  m_Layer: 0
  m_Name: SceneAutoAttackBuffControl
  m_TagString: Untagged
  m_Icon: {fileID: 0}
  m_NavMeshLayer: 0
  m_StaticEditorFlags: 0
  m_IsActive: 1
--- !u!4 &4482423194337280
Transform:
  m_ObjectHideFlags: 1
  m_PrefabParentObject: {fileID: 0}
  m_PrefabInternal: {fileID: 100100000}
  m_GameObject: {fileID: 1908412370687094}
  m_LocalRotation: {x: -0, y: -0, z: -0, w: 1}
  m_LocalPosition: {x: 0, y: 0, z: 0}
  m_LocalScale: {x: 1, y: 1, z: 1}
  m_Children:
  - {fileID: 4584838478977490}
  m_Father: {fileID: 0}
  m_RootOrder: 0
  m_LocalEulerAnglesHint: {x: 0, y: 0, z: 0}
--- !u!4 &4584838478977490
Transform:
  m_ObjectHideFlags: 1
  m_PrefabParentObject: {fileID: 0}
  m_PrefabInternal: {fileID: 100100000}
  m_GameObject: {fileID: 1231884971254260}
  m_LocalRotation: {x: 0, y: 0, z: 0, w: 1}
  m_LocalPosition: {x: 0, y: 0, z: 0}
  m_LocalScale: {x: 1, y: 1, z: 1}
  m_Children: []
  m_Father: {fileID: 4482423194337280}
  m_RootOrder: 0
  m_LocalEulerAnglesHint: {x: 0, y: 0, z: 0}
--- !u!82 &82189457360888122
AudioSource:
  m_ObjectHideFlags: 1
  m_PrefabParentObject: {fileID: 0}
  m_PrefabInternal: {fileID: 100100000}
  m_GameObject: {fileID: 1908412370687094}
  m_Enabled: 1
  serializedVersion: 4
  OutputAudioMixerGroup: {fileID: 0}
  m_audioClip: {fileID: 8300000, guid: aea983ec3284a4272b46c3dfadeb36b0, type: 3}
  m_PlayOnAwake: 1
  m_Volume: 1
  m_Pitch: 1
  Loop: 0
  Mute: 0
  Spatialize: 0
  SpatializePostEffects: 0
  Priority: 128
  DopplerLevel: 1
  MinDistance: 1
  MaxDistance: 100
  Pan2D: 0
  rolloffMode: 1
  BypassEffects: 0
  BypassListenerEffects: 0
  BypassReverbZones: 0
  rolloffCustomCurve:
    serializedVersion: 2
    m_Curve:
    - serializedVersion: 2
      time: 0
      value: 1
      inSlope: 0
      outSlope: 0
      tangentMode: 0
    - serializedVersion: 2
      time: 1
      value: 0
      inSlope: 0
      outSlope: 0
      tangentMode: 0
    m_PreInfinity: 2
    m_PostInfinity: 2
    m_RotationOrder: 4
  panLevelCustomCurve:
    serializedVersion: 2
    m_Curve:
    - serializedVersion: 2
      time: 0
      value: 1
      inSlope: 0
      outSlope: 0
      tangentMode: 0
    m_PreInfinity: 2
    m_PostInfinity: 2
    m_RotationOrder: 0
  spreadCustomCurve:
    serializedVersion: 2
    m_Curve:
    - serializedVersion: 2
      time: 0
      value: 0
      inSlope: 0
      outSlope: 0
      tangentMode: 0
    m_PreInfinity: 2
    m_PostInfinity: 2
    m_RotationOrder: 0
  reverbZoneMixCustomCurve:
    serializedVersion: 2
    m_Curve:
    - serializedVersion: 2
      time: 0
      value: 1
      inSlope: 0
      outSlope: 0
      tangentMode: 0
    m_PreInfinity: 2
    m_PostInfinity: 2
    m_RotationOrder: 0
--- !u!114 &114625989216978436
MonoBehaviour:
  m_ObjectHideFlags: 1
  m_PrefabParentObject: {fileID: 0}
  m_PrefabInternal: {fileID: 100100000}
  m_GameObject: {fileID: 1908412370687094}
  m_Enabled: 1
  m_EditorHideFlags: 0
  m_Script: {fileID: 11500000, guid: aa584fbee541324448dd18d8409c7a41, type: 3}
  m_Name: 
  m_EditorClassIdentifier: 
  ownerId: 0
  group: 0
  OwnerShipWasTransfered: 0
  prefixBackup: -1
  synchronization: 0
  onSerializeTransformOption: 3
  onSerializeRigidBodyOption: 2
  ownershipTransfer: 0
  ObservedComponents:
  - {fileID: 0}
  ObservedComponentsFoldoutOpen: 1
  viewIdField: 0
  instantiationId: -1
  currentMasterID: -1
  isRuntimeInstantiated: 0
--- !u!114 &114649729080583764
MonoBehaviour:
  m_ObjectHideFlags: 1
  m_PrefabParentObject: {fileID: 0}
  m_PrefabInternal: {fileID: 100100000}
  m_GameObject: {fileID: 1908412370687094}
  m_Enabled: 1
  m_EditorHideFlags: 0
  m_Script: {fileID: 11500000, guid: 0136dae12096f4efd8310492137a9919, type: 3}
  m_Name: 
  m_EditorClassIdentifier: 
  _view: {fileID: 114625989216978436}
  _listToDisable: []
--- !u!114 &114755495967863520
MonoBehaviour:
  m_ObjectHideFlags: 1
  m_PrefabParentObject: {fileID: 0}
  m_PrefabInternal: {fileID: 100100000}
  m_GameObject: {fileID: 1231884971254260}
  m_Enabled: 1
  m_EditorHideFlags: 0
  m_Script: {fileID: 11500000, guid: a81e07d36d3fc469b9628604e06871bb, type: 3}
  m_Name: 
  m_EditorClassIdentifier: 
  _input: {fileID: 0}
  _animator: {fileID: 0}
  _animatedTime: 0.1
--- !u!114 &114773480986403586
MonoBehaviour:
  m_ObjectHideFlags: 1
  m_PrefabParentObject: {fileID: 0}
  m_PrefabInternal: {fileID: 100100000}
  m_GameObject: {fileID: 1908412370687094}
  m_Enabled: 1
  m_EditorHideFlags: 0
  m_Script: {fileID: 11500000, guid: 747ced6a6031946ff907a6e2c91c44d3, type: 3}
  m_Name: 
  m_EditorClassIdentifier: 
  _root: {fileID: 1908412370687094}
  _expController: {fileID: 0}
  _scoreController: {fileID: 0}
  _networkID: 
  _nickname: 
  _team: 0
  _itemType: 0
  _canAttack: 1
  _canMove: 1
  _canRotate: 1
  _inputKey: 0
  _x: 0
  _y: 0
  _rot: {x: 0, y: 0, z: 0, w: 1}
  _forSpeedRatio: 1
  _rotSpeedRatio: 1
  _moveAnimatorRatio: 0.1
  _forSpeedLevel: []
  _rotSpeedLevel: []
  _attackIntervalLevel: []
  _maxLifeLevel: 
  _maxEnergyLevel: 
  _energyRecoveryLevel: 
  _defenseLevel: 
  _randomDodge: 
  _maxLevel: 0
  _currentLife: 0
  _currentEnergy: 0
  _currentEXP: 0
  _currentScore: 0
  _currentDodgeLevel: 0
  _deathEXP: 0
  _deathScore: 0
  _currentPlayerLevel: 0
  _currentSkillLevel: 0
  _currentMaxLifeLevel: 0
  _currentMaxEnergyLevel: 0
  _currentEnergyRecoveryLevel: 0
  _currentAttackIntervalLevel: 0
  _currentDefenseLevel: 0
  _currentForwardSpeedLevel: 0
  _currentRotationSpeedLevel: 0
  _currentWeaponRegularDamageLevel: 0
  _currentWeaponUltimateDamageLevel: 0
  _currentWeaponSuckBloodLevel: 0
  _currentWeaponActiveTimeLevel: 0
  _currentWeaponDamageForceLevel: 0
  _currentWeaponSlowSpeedLevel: 0
  _currentWeaponSlowSpeedResetLevel: 0
  _currentWeaponAttachDamageLevel: 0
  _currentWeaponRandomKnockBackLevel: 0
  _currentWeaponBleedingLevel: 0
  _ownerNetworkID: 
  _attackForceLevel: 
  _damageLevel: 
  _suckBloodLevel: 
  _bleedingLevel: 
  _slowSpeedLevel: 
  _activeTimeLevel:
  - 5
  _slowSpeedResetTimeLevel: []
  _attachDamageLevel: []
  _randomKnockBack: []
--- !u!114 &114942288549553402
MonoBehaviour:
  m_ObjectHideFlags: 1
  m_PrefabParentObject: {fileID: 0}
  m_PrefabInternal: {fileID: 100100000}
  m_GameObject: {fileID: 1231884971254260}
  m_Enabled: 1
  m_EditorHideFlags: 0
  m_Script: {fileID: 11500000, guid: aaf4a30a7ccfd471baaf21507433d3d6, type: 3}
  m_Name: 
  m_EditorClassIdentifier: 
  _explosion: {fileID: 0}
  _data: {fileID: 114773480986403586}
  _view: {fileID: 114625989216978436}
