%YAML 1.1
%TAG !u! tag:unity3d.com,2011:
--- !u!1001 &100100000
Prefab:
  m_ObjectHideFlags: 1
  serializedVersion: 2
  m_Modification:
    m_TransformParent: {fileID: 0}
    m_Modifications: []
    m_RemovedComponents: []
  m_SourcePrefab: {fileID: 0}
  m_RootGameObject: {fileID: 1908412370687094}
  m_IsPrefabAsset: 1
--- !u!1 &1034214984000088
GameObject:
  m_ObjectHideFlags: 0
  m_CorrespondingSourceObject: {fileID: 0}
  m_PrefabInternal: {fileID: 100100000}
  serializedVersion: 6
  m_Component:
  - component: {fileID: 4679664713991084}
  - component: {fileID: 33535684973334690}
  - component: {fileID: 23802347187948040}
  m_Layer: 0
  m_Name: Arrow
  m_TagString: Untagged
  m_Icon: {fileID: 0}
  m_NavMeshLayer: 0
  m_StaticEditorFlags: 0
  m_IsActive: 1
--- !u!1 &1096326631774674
GameObject:
  m_ObjectHideFlags: 0
  m_CorrespondingSourceObject: {fileID: 0}
  m_PrefabInternal: {fileID: 100100000}
  serializedVersion: 6
  m_Component:
  - component: {fileID: 4328561062106468}
  - component: {fileID: 114320130402954204}
  m_Layer: 0
  m_Name: Data
  m_TagString: Untagged
  m_Icon: {fileID: 0}
  m_NavMeshLayer: 0
  m_StaticEditorFlags: 0
  m_IsActive: 1
--- !u!1 &1231884971254260
GameObject:
  m_ObjectHideFlags: 0
  m_CorrespondingSourceObject: {fileID: 0}
  m_PrefabInternal: {fileID: 100100000}
  serializedVersion: 6
  m_Component:
  - component: {fileID: 4584838478977490}
  - component: {fileID: 114209636013952198}
  - component: {fileID: 114446767971935212}
  - component: {fileID: 114500307252684418}
  - component: {fileID: 65462214953917260}
  m_Layer: 15
  m_Name: Logic
  m_TagString: Weapon
  m_Icon: {fileID: 0}
  m_NavMeshLayer: 0
  m_StaticEditorFlags: 0
  m_IsActive: 1
--- !u!1 &1908412370687094
GameObject:
  m_ObjectHideFlags: 0
  m_CorrespondingSourceObject: {fileID: 0}
  m_PrefabInternal: {fileID: 100100000}
  serializedVersion: 6
  m_Component:
  - component: {fileID: 4482423194337280}
  - component: {fileID: 82786949695002586}
  m_Layer: 0
  m_Name: BasicArrow
  m_TagString: Untagged
  m_Icon: {fileID: 0}
  m_NavMeshLayer: 0
  m_StaticEditorFlags: 0
  m_IsActive: 1
--- !u!4 &4328561062106468
Transform:
  m_ObjectHideFlags: 1
  m_CorrespondingSourceObject: {fileID: 0}
  m_PrefabInternal: {fileID: 100100000}
  m_GameObject: {fileID: 1096326631774674}
  m_LocalRotation: {x: 0, y: 0, z: 0, w: 1}
  m_LocalPosition: {x: 0, y: 0, z: 0}
  m_LocalScale: {x: 1, y: 1, z: 1}
  m_Children: []
  m_Father: {fileID: 4482423194337280}
  m_RootOrder: 1
  m_LocalEulerAnglesHint: {x: 0, y: 0, z: 0}
--- !u!4 &4482423194337280
Transform:
  m_ObjectHideFlags: 1
  m_CorrespondingSourceObject: {fileID: 0}
  m_PrefabInternal: {fileID: 100100000}
  m_GameObject: {fileID: 1908412370687094}
  m_LocalRotation: {x: -0, y: -0, z: -0, w: 1}
  m_LocalPosition: {x: 0, y: 0, z: 0}
  m_LocalScale: {x: 1.2, y: 1.4, z: 1.2}
  m_Children:
  - {fileID: 4584838478977490}
  - {fileID: 4328561062106468}
  - {fileID: 4679664713991084}
  m_Father: {fileID: 0}
  m_RootOrder: 0
  m_LocalEulerAnglesHint: {x: 0, y: 0, z: 0}
--- !u!4 &4584838478977490
Transform:
  m_ObjectHideFlags: 1
  m_CorrespondingSourceObject: {fileID: 0}
  m_PrefabInternal: {fileID: 100100000}
  m_GameObject: {fileID: 1231884971254260}
  m_LocalRotation: {x: 0, y: 0, z: 0, w: 1}
  m_LocalPosition: {x: 0, y: 0, z: 0}
  m_LocalScale: {x: 1, y: 1, z: 1}
  m_Children: []
  m_Father: {fileID: 4482423194337280}
  m_RootOrder: 0
  m_LocalEulerAnglesHint: {x: 0, y: 0, z: 0}
--- !u!4 &4679664713991084
Transform:
  m_ObjectHideFlags: 1
  m_CorrespondingSourceObject: {fileID: 0}
  m_PrefabInternal: {fileID: 100100000}
  m_GameObject: {fileID: 1034214984000088}
  m_LocalRotation: {x: 0, y: 1, z: 0, w: 0}
  m_LocalPosition: {x: -0, y: 0, z: 0.049}
  m_LocalScale: {x: 6, y: 12, z: 1}
  m_Children: []
  m_Father: {fileID: 4482423194337280}
  m_RootOrder: 2
  m_LocalEulerAnglesHint: {x: 0, y: 180, z: 0}
--- !u!23 &23802347187948040
MeshRenderer:
  m_ObjectHideFlags: 1
  m_CorrespondingSourceObject: {fileID: 0}
  m_PrefabInternal: {fileID: 100100000}
  m_GameObject: {fileID: 1034214984000088}
  m_Enabled: 1
  m_CastShadows: 0
  m_ReceiveShadows: 0
  m_DynamicOccludee: 1
  m_MotionVectors: 1
  m_LightProbeUsage: 0
  m_ReflectionProbeUsage: 3
  m_RenderingLayerMask: 4294967295
  m_Materials:
  - {fileID: 2100000, guid: bc105bc0b4d8ea94791f1ec1049bbd18, type: 2}
  - {fileID: 2100000, guid: 53b276559d7fe6e43a8529357d574ff3, type: 2}
  - {fileID: 2100000, guid: 8d855e5fa53a2e04785a041732b0f20b, type: 2}
  m_StaticBatchInfo:
    firstSubMesh: 0
    subMeshCount: 0
  m_StaticBatchRoot: {fileID: 0}
  m_ProbeAnchor: {fileID: 0}
  m_LightProbeVolumeOverride: {fileID: 0}
  m_ScaleInLightmap: 1
  m_PreserveUVs: 0
  m_IgnoreNormalsForChartDetection: 0
  m_ImportantGI: 0
  m_StitchLightmapSeams: 0
  m_SelectedEditorRenderState: 3
  m_MinimumChartSize: 4
  m_AutoUVMaxDistance: 0.5
  m_AutoUVMaxAngle: 89
  m_LightmapParameters: {fileID: 0}
  m_SortingLayerID: 0
  m_SortingLayer: 0
  m_SortingOrder: 0
--- !u!33 &33535684973334690
MeshFilter:
  m_ObjectHideFlags: 1
  m_CorrespondingSourceObject: {fileID: 0}
  m_PrefabInternal: {fileID: 100100000}
  m_GameObject: {fileID: 1034214984000088}
  m_Mesh: {fileID: 4300000, guid: 4be25db1885be9e42bbf88326cec8118, type: 3}
--- !u!65 &65462214953917260
BoxCollider:
  m_ObjectHideFlags: 1
  m_CorrespondingSourceObject: {fileID: 0}
  m_PrefabInternal: {fileID: 100100000}
  m_GameObject: {fileID: 1231884971254260}
  m_Material: {fileID: 0}
  m_IsTrigger: 1
  m_Enabled: 1
  serializedVersion: 2
  m_Size: {x: 0.4794264, y: 0.083343804, z: 0.8930755}
  m_Center: {x: 0.0035342425, y: 0, z: -0.030376941}
--- !u!82 &82786949695002586
AudioSource:
  m_ObjectHideFlags: 1
  m_CorrespondingSourceObject: {fileID: 0}
  m_PrefabInternal: {fileID: 100100000}
  m_GameObject: {fileID: 1908412370687094}
  m_Enabled: 1
  serializedVersion: 4
  OutputAudioMixerGroup: {fileID: 0}
  m_audioClip: {fileID: 8300000, guid: 4dbf345609bc043b587f1a5e82cc455e, type: 3}
  m_PlayOnAwake: 1
  m_Volume: 1
  m_Pitch: 1
  Loop: 0
  Mute: 0
  Spatialize: 0
  SpatializePostEffects: 0
  Priority: 128
  DopplerLevel: 1
  MinDistance: 3
  MaxDistance: 100
  Pan2D: 0
  rolloffMode: 1
  BypassEffects: 0
  BypassListenerEffects: 0
  BypassReverbZones: 0
  rolloffCustomCurve:
    serializedVersion: 2
    m_Curve:
    - serializedVersion: 3
      time: 0
      value: 1
      inSlope: 0
      outSlope: 0
      tangentMode: 0
      weightedMode: 0
      inWeight: 0.33333334
      outWeight: 0.33333334
    - serializedVersion: 3
      time: 1
      value: 0
      inSlope: 0
      outSlope: 0
      tangentMode: 0
      weightedMode: 0
      inWeight: 0.33333334
      outWeight: 0.33333334
    m_PreInfinity: 2
    m_PostInfinity: 2
    m_RotationOrder: 4
  panLevelCustomCurve:
    serializedVersion: 2
    m_Curve:
    - serializedVersion: 3
      time: 0
      value: 1
      inSlope: 0
      outSlope: 0
      tangentMode: 0
      weightedMode: 0
      inWeight: 0.33333334
      outWeight: 0.33333334
    m_PreInfinity: 2
    m_PostInfinity: 2
    m_RotationOrder: 0
  spreadCustomCurve:
    serializedVersion: 2
    m_Curve:
    - serializedVersion: 3
      time: 0
      value: 0
      inSlope: 0
      outSlope: 0
      tangentMode: 0
      weightedMode: 0
      inWeight: 0.33333334
      outWeight: 0.33333334
    m_PreInfinity: 2
    m_PostInfinity: 2
    m_RotationOrder: 0
  reverbZoneMixCustomCurve:
    serializedVersion: 2
    m_Curve:
    - serializedVersion: 3
      time: 0
      value: 1
      inSlope: 0
      outSlope: 0
      tangentMode: 0
      weightedMode: 0
      inWeight: 0.33333334
      outWeight: 0.33333334
    m_PreInfinity: 2
    m_PostInfinity: 2
    m_RotationOrder: 0
--- !u!114 &114209636013952198
MonoBehaviour:
  m_ObjectHideFlags: 1
  m_CorrespondingSourceObject: {fileID: 0}
  m_PrefabInternal: {fileID: 100100000}
  m_GameObject: {fileID: 1231884971254260}
  m_Enabled: 1
  m_EditorHideFlags: 0
  m_Script: {fileID: 11500000, guid: 8eb56c36f081440a385b7fb9e1b845af, type: 3}
  m_Name: 
  m_EditorClassIdentifier: 
  _root: {fileID: 1908412370687094}
  _explosion: {fileID: 1233026554410094, guid: 2f91b687547774ee9aa655b47c0fe26c, type: 2}
  _sfx: {fileID: 0}
  _data: {fileID: 114320130402954204}
  _attachExplosion: 0
  _layerToSkip:
    serializedVersion: 2
    m_Bits: 0
  _layerToBlock:
    serializedVersion: 2
    m_Bits: 4096
  _skipLayerCounter: 0
--- !u!114 &114320130402954204
MonoBehaviour:
  m_ObjectHideFlags: 1
  m_CorrespondingSourceObject: {fileID: 0}
  m_PrefabInternal: {fileID: 100100000}
  m_GameObject: {fileID: 1096326631774674}
  m_Enabled: 1
  m_EditorHideFlags: 0
  m_Script: {fileID: 11500000, guid: 747ced6a6031946ff907a6e2c91c44d3, type: 3}
  m_Name: 
  m_EditorClassIdentifier: 
  _root: {fileID: 1908412370687094}
  _expController: {fileID: 0}
  _scoreController: {fileID: 0}
  _networkID: 
  _nickname: 
  _team: 0
  _itemType: 0
  _canAttack: 1
  _canMove: 1
  _canRotate: 1
  _inputKey: 0
  _moveDir: {x: 0, y: 0}
  _attackDir: {x: 0, y: 0}
  _rot: {x: 0, y: 0, z: 0, w: 1}
  _forSpeedRatio: 1
  _rotSpeedRatio: 1
  _moveAnimatorRatio: 0.1
  _dashSpeed: 5
  _dashAntiGravityTime: 1
  _forSpeedLevel:
  - 18
  _rotSpeedLevel:
  - 0
  _attackIntervalLevel: []
  _maxLifeLevel: 00000000
  _maxEnergyLevel: 
  _energyRecoveryLevel: 
  _defenseLevel: 
  _randomDodge: 
  _maxLevel: 10
  _currentLife: 0
  _currentEnergy: 0
  _currentEXP: 0
  _currentScore: 0
  _currentDodgeLevel: 0
  _deathEXP: 0
  _deathScore: 0
  _currentPlayerLevel: 0
  _currentSkillLevel: 0
  _currentMaxLifeLevel: 0
  _currentMaxEnergyLevel: 0
  _currentEnergyRecoveryLevel: 0
  _currentAttackIntervalLevel: 0
  _currentDefenseLevel: 0
  _currentForwardSpeedLevel: 0
  _currentRotationSpeedLevel: 0
  _currentWeaponRegularDamageLevel: 0
  _currentWeaponUltimateDamageLevel: 0
  _currentWeaponSuckBloodLevel: 0
  _currentWeaponActiveTimeLevel: 0
  _currentWeaponDamageForceLevel: 0
  _currentWeaponSlowSpeedLevel: 0
  _currentWeaponSlowSpeedResetLevel: 0
  _currentWeaponAttachDamageLevel: 0
  _currentWeaponRandomKnockBackLevel: 0
  _currentWeaponBleedingLevel: 0
  _ownerNetworkID: 
  _attackForceLevel: 0b000000
  _damageLevel: 190000001e00000023000000280000002d0000003200000037000000
  _suckBloodLevel: 050000000a0000000f00000014000000190000001e00000023000000
  _bleedingLevel: 0300000006000000090000000c0000000f0000001200000015000000
  _slowSpeedLevel: 14000000190000001e00000023000000280000002d00000032000000
  _activeTimeLevel:
  - 0.6
  - 0.65
  - 0.7
  - 0.75
  - 0.8
  - 0.85
  - 0.9
  _slowSpeedResetTimeLevel:
  - 1
  _attachDamageLevel: []
  _randomKnockBack:
  - 20
  - 25
  - 30
  - 35
  - 40
  - 45
  - 50
--- !u!114 &114446767971935212
MonoBehaviour:
  m_ObjectHideFlags: 1
  m_CorrespondingSourceObject: {fileID: 0}
  m_PrefabInternal: {fileID: 100100000}
  m_GameObject: {fileID: 1231884971254260}
  m_Enabled: 1
  m_EditorHideFlags: 0
  m_Script: {fileID: 11500000, guid: d03a072700f334c418db895fd94569bb, type: 3}
  m_Name: 
  m_EditorClassIdentifier: 
  _obj: {fileID: 1908412370687094}
  _dir: {x: 0, y: 0, z: 1}
  _data: {fileID: 114320130402954204}
--- !u!114 &114500307252684418
MonoBehaviour:
  m_ObjectHideFlags: 1
  m_CorrespondingSourceObject: {fileID: 0}
  m_PrefabInternal: {fileID: 100100000}
  m_GameObject: {fileID: 1231884971254260}
  m_Enabled: 1
  m_EditorHideFlags: 0
  m_Script: {fileID: 11500000, guid: 7d7d9f552846540c098ecff7a98c8d78, type: 3}
  m_Name: 
  m_EditorClassIdentifier: 
  _explosion: {fileID: 0}
  _data: {fileID: 114320130402954204}
