%YAML 1.1
%TAG !u! tag:unity3d.com,2011:
--- !u!29 &1
OcclusionCullingSettings:
  m_ObjectHideFlags: 0
  serializedVersion: 2
  m_OcclusionBakeSettings:
    smallestOccluder: 5
    smallestHole: 0.25
    backfaceThreshold: 100
  m_SceneGUID: 00000000000000000000000000000000
  m_OcclusionCullingData: {fileID: 0}
--- !u!104 &2
RenderSettings:
  m_ObjectHideFlags: 0
  serializedVersion: 8
  m_Fog: 0
  m_FogColor: {r: 0.5, g: 0.5, b: 0.5, a: 1}
  m_FogMode: 3
  m_FogDensity: 0.01
  m_LinearFogStart: 0
  m_LinearFogEnd: 300
  m_AmbientSkyColor: {r: 0, g: 0, b: 0, a: 1}
  m_AmbientEquatorColor: {r: 0, g: 0, b: 0, a: 1}
  m_AmbientGroundColor: {r: 0, g: 0, b: 0, a: 1}
  m_AmbientIntensity: 1
  m_AmbientMode: 3
  m_SubtractiveShadowColor: {r: 0.42, g: 0.478, b: 0.627, a: 1}
  m_SkyboxMaterial: {fileID: 0}
  m_HaloStrength: 0.5
  m_FlareStrength: 1
  m_FlareFadeSpeed: 3
  m_HaloTexture: {fileID: 0}
  m_SpotCookie: {fileID: 10001, guid: 0000000000000000e000000000000000, type: 0}
  m_DefaultReflectionMode: 0
  m_DefaultReflectionResolution: 128
  m_ReflectionBounces: 1
  m_ReflectionIntensity: 1
  m_CustomReflection: {fileID: 0}
  m_Sun: {fileID: 0}
  m_IndirectSpecularColor: {r: 0, g: 0, b: 0, a: 1}
--- !u!157 &4
LightmapSettings:
  m_ObjectHideFlags: 0
  serializedVersion: 11
  m_GIWorkflowMode: 1
  m_GISettings:
    serializedVersion: 2
    m_BounceScale: 1
    m_IndirectOutputScale: 1
    m_AlbedoBoost: 1
    m_TemporalCoherenceThreshold: 1
    m_EnvironmentLightingMode: 0
    m_EnableBakedLightmaps: 1
    m_EnableRealtimeLightmaps: 0
  m_LightmapEditorSettings:
    serializedVersion: 9
    m_Resolution: 1
    m_BakeResolution: 50
    m_TextureWidth: 1024
    m_TextureHeight: 1024
    m_AO: 0
    m_AOMaxDistance: 1
    m_CompAOExponent: 0
    m_CompAOExponentDirect: 0
    m_Padding: 2
    m_LightmapParameters: {fileID: 0}
    m_LightmapsBakeMode: 1
    m_TextureCompression: 0
    m_FinalGather: 0
    m_FinalGatherFiltering: 1
    m_FinalGatherRayCount: 1024
    m_ReflectionCompression: 2
    m_MixedBakeMode: 1
    m_BakeBackend: 0
    m_PVRSampling: 1
    m_PVRDirectSampleCount: 32
    m_PVRSampleCount: 500
    m_PVRBounces: 2
    m_PVRFiltering: 0
    m_PVRFilteringMode: 1
    m_PVRCulling: 1
    m_PVRFilteringGaussRadiusDirect: 1
    m_PVRFilteringGaussRadiusIndirect: 5
    m_PVRFilteringGaussRadiusAO: 2
    m_PVRFilteringAtrousColorSigma: 1
    m_PVRFilteringAtrousNormalSigma: 1
    m_PVRFilteringAtrousPositionSigma: 1
  m_LightingDataAsset: {fileID: 0}
  m_UseShadowmask: 0
--- !u!196 &5
NavMeshSettings:
  serializedVersion: 2
  m_ObjectHideFlags: 0
  m_BuildSettings:
    serializedVersion: 2
    agentTypeID: 0
    agentRadius: 0.5
    agentHeight: 2
    agentSlope: 45
    agentClimb: 0.4
    ledgeDropHeight: 0
    maxJumpAcrossDistance: 0
    minRegionArea: 2
    manualCellSize: 0
    cellSize: 0.16666666
    manualTileSize: 0
    tileSize: 256
    accuratePlacement: 0
  m_NavMeshData: {fileID: 0}
--- !u!1 &75815794
GameObject:
  m_ObjectHideFlags: 0
  m_PrefabParentObject: {fileID: 159846, guid: bad0018eb9256e6409155981dd5af9a2, type: 2}
  m_PrefabInternal: {fileID: 1040477075}
  serializedVersion: 5
  m_Component:
  - component: {fileID: 75815795}
  m_Layer: 0
  m_Name: B_L_UpperArm
  m_TagString: Untagged
  m_Icon: {fileID: 0}
  m_NavMeshLayer: 0
  m_StaticEditorFlags: 0
  m_IsActive: 1
--- !u!4 &75815795
Transform:
  m_ObjectHideFlags: 0
  m_PrefabParentObject: {fileID: 459844, guid: bad0018eb9256e6409155981dd5af9a2, type: 2}
  m_PrefabInternal: {fileID: 1040477075}
  m_GameObject: {fileID: 75815794}
  m_LocalRotation: {x: 0.037062705, y: -0.6700438, z: -0.033530645, w: 0.7406371}
  m_LocalPosition: {x: -0.27917758, y: 0.000000015199184, z: 0}
  m_LocalScale: {x: 0.99999976, y: 0.9999998, z: 1.0000004}
  m_Children:
  - {fileID: 594346148}
  m_Father: {fileID: 1403074222}
  m_RootOrder: 0
  m_LocalEulerAnglesHint: {x: 0, y: 0, z: 0}
--- !u!1 &111045872
GameObject:
  m_ObjectHideFlags: 0
  m_PrefabParentObject: {fileID: 159826, guid: bad0018eb9256e6409155981dd5af9a2, type: 2}
  m_PrefabInternal: {fileID: 1040477075}
  serializedVersion: 5
  m_Component:
  - component: {fileID: 111045873}
  m_Layer: 0
  m_Name: B_L_Calf
  m_TagString: Untagged
  m_Icon: {fileID: 0}
  m_NavMeshLayer: 0
  m_StaticEditorFlags: 0
  m_IsActive: 1
--- !u!4 &111045873
Transform:
  m_ObjectHideFlags: 0
  m_PrefabParentObject: {fileID: 459828, guid: bad0018eb9256e6409155981dd5af9a2, type: 2}
  m_PrefabInternal: {fileID: 1040477075}
  m_GameObject: {fileID: 111045872}
  m_LocalRotation: {x: -0.0000040043083, y: 0.00000030656216, z: 0.09983331, w: 0.9950042}
  m_LocalPosition: {x: -0.5595049, y: 0.000000009536743, z: 0.000000038146972}
  m_LocalScale: {x: 1.0000002, y: 1.0000002, z: 1}
  m_Children:
  - {fileID: 1157497149}
  m_Father: {fileID: 599989904}
  m_RootOrder: 0
  m_LocalEulerAnglesHint: {x: 0, y: 0, z: 0}
--- !u!1 &113753822
GameObject:
  m_ObjectHideFlags: 0
  m_PrefabParentObject: {fileID: 159890, guid: bad0018eb9256e6409155981dd5af9a2, type: 2}
  m_PrefabInternal: {fileID: 1040477075}
  serializedVersion: 5
  m_Component:
  - component: {fileID: 113753823}
  m_Layer: 0
  m_Name: B_R_Forearm
  m_TagString: Untagged
  m_Icon: {fileID: 0}
  m_NavMeshLayer: 0
  m_StaticEditorFlags: 0
  m_IsActive: 1
--- !u!4 &113753823
Transform:
  m_ObjectHideFlags: 0
  m_PrefabParentObject: {fileID: 459854, guid: bad0018eb9256e6409155981dd5af9a2, type: 2}
  m_PrefabInternal: {fileID: 1040477075}
  m_GameObject: {fileID: 113753822}
  m_LocalRotation: {x: 0.000000093587474, y: 0.000000028110009, z: 0.09983303, w: 0.99500424}
  m_LocalPosition: {x: -0.37960723, y: 0.000000038146972, z: 0.00000019073485}
  m_LocalScale: {x: 0.9999998, y: 0.99999994, z: 1.0000002}
  m_Children:
  - {fileID: 2076474823}
  m_Father: {fileID: 623352404}
  m_RootOrder: 0
  m_LocalEulerAnglesHint: {x: 0, y: 0, z: 0}
--- !u!1 &142344277
GameObject:
  m_ObjectHideFlags: 0
  m_PrefabParentObject: {fileID: 159818, guid: bad0018eb9256e6409155981dd5af9a2, type: 2}
  m_PrefabInternal: {fileID: 1040477075}
  serializedVersion: 5
  m_Component:
  - component: {fileID: 142344278}
  m_Layer: 0
  m_Name: B_R_Finger12
  m_TagString: Untagged
  m_Icon: {fileID: 0}
  m_NavMeshLayer: 0
  m_StaticEditorFlags: 0
  m_IsActive: 1
--- !u!4 &142344278
Transform:
  m_ObjectHideFlags: 0
  m_PrefabParentObject: {fileID: 459902, guid: bad0018eb9256e6409155981dd5af9a2, type: 2}
  m_PrefabInternal: {fileID: 1040477075}
  m_GameObject: {fileID: 142344277}
  m_LocalRotation: {x: 0.00000002127347, y: -0.00000012251844, z: -0.11640208, w: 0.9932022}
  m_LocalPosition: {x: -0.07370773, y: -0.000000057220458, z: -0.000000114440915}
  m_LocalScale: {x: 1, y: 1.0000001, z: 0.99999976}
  m_Children: []
  m_Father: {fileID: 934053152}
  m_RootOrder: 0
  m_LocalEulerAnglesHint: {x: 0, y: 0, z: 0}
--- !u!1 &163307077
GameObject:
  m_ObjectHideFlags: 0
  m_PrefabParentObject: {fileID: 159882, guid: bad0018eb9256e6409155981dd5af9a2, type: 2}
  m_PrefabInternal: {fileID: 1040477075}
  serializedVersion: 5
  m_Component:
  - component: {fileID: 163307078}
  m_Layer: 0
  m_Name: B_Neck
  m_TagString: Untagged
  m_Icon: {fileID: 0}
  m_NavMeshLayer: 0
  m_StaticEditorFlags: 0
  m_IsActive: 1
--- !u!4 &163307078
Transform:
  m_ObjectHideFlags: 0
  m_PrefabParentObject: {fileID: 459846, guid: bad0018eb9256e6409155981dd5af9a2, type: 2}
  m_PrefabInternal: {fileID: 1040477075}
  m_GameObject: {fileID: 163307077}
  m_LocalRotation: {x: -0.0000004768159, y: -3.910935e-14, z: -0.00000008213101, w: 1}
  m_LocalPosition: {x: -0.29094252, y: -0.00010208949, z: -1.857954e-10}
  m_LocalScale: {x: 1, y: 1, z: 1}
  m_Children:
  - {fileID: 850503556}
  m_Father: {fileID: 264257652}
  m_RootOrder: 1
  m_LocalEulerAnglesHint: {x: 0, y: 0, z: 0}
--- !u!1 &181672467
GameObject:
  m_ObjectHideFlags: 0
  m_PrefabParentObject: {fileID: 159816, guid: bad0018eb9256e6409155981dd5af9a2, type: 2}
  m_PrefabInternal: {fileID: 1040477075}
  serializedVersion: 5
  m_Component:
  - component: {fileID: 181672468}
  m_Layer: 0
  m_Name: Motion
  m_TagString: Untagged
  m_Icon: {fileID: 0}
  m_NavMeshLayer: 0
  m_StaticEditorFlags: 0
  m_IsActive: 1
--- !u!4 &181672468
Transform:
  m_ObjectHideFlags: 0
  m_PrefabParentObject: {fileID: 459818, guid: bad0018eb9256e6409155981dd5af9a2, type: 2}
  m_PrefabInternal: {fileID: 1040477075}
  m_GameObject: {fileID: 181672467}
  m_LocalRotation: {x: -0.5, y: 0.5, z: 0.5, w: 0.5}
  m_LocalPosition: {x: -0.0000000099258495, y: 0, z: -0.0017328988}
  m_LocalScale: {x: 1, y: 1, z: 1}
  m_Children:
  - {fileID: 1050086173}
  m_Father: {fileID: 928845074}
  m_RootOrder: 2
  m_LocalEulerAnglesHint: {x: 0, y: 0, z: 0}
--- !u!1 &191947896
GameObject:
  m_ObjectHideFlags: 0
  m_PrefabParentObject: {fileID: 159868, guid: bad0018eb9256e6409155981dd5af9a2, type: 2}
  m_PrefabInternal: {fileID: 1040477075}
  serializedVersion: 5
  m_Component:
  - component: {fileID: 191947897}
  m_Layer: 0
  m_Name: B_L_Finger22
  m_TagString: Untagged
  m_Icon: {fileID: 0}
  m_NavMeshLayer: 0
  m_StaticEditorFlags: 0
  m_IsActive: 1
--- !u!4 &191947897
Transform:
  m_ObjectHideFlags: 0
  m_PrefabParentObject: {fileID: 459876, guid: bad0018eb9256e6409155981dd5af9a2, type: 2}
  m_PrefabInternal: {fileID: 1040477075}
  m_GameObject: {fileID: 191947896}
  m_LocalRotation: {x: 0.000000005868123, y: 0.000000018066203, z: -0.11640198, w: 0.9932022}
  m_LocalPosition: {x: -0.08599251, y: 0.00000015258789, z: -0.000000047683713}
  m_LocalScale: {x: 0.9999999, y: 0.99999994, z: 1.0000001}
  m_Children: []
  m_Father: {fileID: 835377512}
  m_RootOrder: 0
  m_LocalEulerAnglesHint: {x: 0, y: 0, z: 0}
--- !u!1 &203871437
GameObject:
  m_ObjectHideFlags: 0
  m_PrefabParentObject: {fileID: 159874, guid: bad0018eb9256e6409155981dd5af9a2, type: 2}
  m_PrefabInternal: {fileID: 1040477075}
  serializedVersion: 5
  m_Component:
  - component: {fileID: 203871438}
  m_Layer: 0
  m_Name: B_L_Finger32
  m_TagString: Untagged
  m_Icon: {fileID: 0}
  m_NavMeshLayer: 0
  m_StaticEditorFlags: 0
  m_IsActive: 1
--- !u!4 &203871438
Transform:
  m_ObjectHideFlags: 0
  m_PrefabParentObject: {fileID: 459882, guid: bad0018eb9256e6409155981dd5af9a2, type: 2}
  m_PrefabInternal: {fileID: 1040477075}
  m_GameObject: {fileID: 203871437}
  m_LocalRotation: {x: -0.00000022578263, y: 0.0000002177516, z: -0.11640201, w: 0.9932022}
  m_LocalPosition: {x: -0.073707655, y: 0.00000020980835, z: 0.000000038146972}
  m_LocalScale: {x: 0.99999994, y: 0.99999976, z: 1.0000002}
  m_Children: []
  m_Father: {fileID: 630813531}
  m_RootOrder: 0
  m_LocalEulerAnglesHint: {x: 0, y: 0, z: 0}
--- !u!1 &208949247
GameObject:
  m_ObjectHideFlags: 0
  m_PrefabParentObject: {fileID: 189288, guid: 16dc4b51d7b30f74a9fd33417596daa7, type: 2}
  m_PrefabInternal: {fileID: 1235316368}
  serializedVersion: 5
  m_Component:
  - component: {fileID: 208949253}
  - component: {fileID: 208949252}
  - component: {fileID: 208949251}
  - component: {fileID: 208949250}
  - component: {fileID: 208949249}
  - component: {fileID: 208949248}
  m_Layer: 0
  m_Name: Main Camera
  m_TagString: MainCamera
  m_Icon: {fileID: 0}
  m_NavMeshLayer: 0
  m_StaticEditorFlags: 0
  m_IsActive: 1
--- !u!114 &208949248
MonoBehaviour:
  m_ObjectHideFlags: 0
  m_PrefabParentObject: {fileID: 11481238, guid: 16dc4b51d7b30f74a9fd33417596daa7,
    type: 2}
  m_PrefabInternal: {fileID: 1235316368}
  m_GameObject: {fileID: 208949247}
  m_Enabled: 1
  m_EditorHideFlags: 0
  m_Script: {fileID: 11500000, guid: 02c58f72133423b47954dba9aa3ef79e, type: 3}
  m_Name: 
  m_EditorClassIdentifier: 
  LockX: 0
  offSetZ: -6
  LockY: 1
  LockZ: 0
  useSmoothing: 1
  target: {fileID: 928845074}
  hudElements: {fileID: 1829467552}
--- !u!81 &208949249
AudioListener:
  m_ObjectHideFlags: 0
  m_PrefabParentObject: {fileID: 8189288, guid: 16dc4b51d7b30f74a9fd33417596daa7,
    type: 2}
  m_PrefabInternal: {fileID: 1235316368}
  m_GameObject: {fileID: 208949247}
  m_Enabled: 1
--- !u!124 &208949250
Behaviour:
  m_ObjectHideFlags: 0
  m_PrefabParentObject: {fileID: 12489288, guid: 16dc4b51d7b30f74a9fd33417596daa7,
    type: 2}
  m_PrefabInternal: {fileID: 1235316368}
  m_GameObject: {fileID: 208949247}
  m_Enabled: 1
--- !u!92 &208949251
Behaviour:
  m_ObjectHideFlags: 0
  m_PrefabParentObject: {fileID: 9289288, guid: 16dc4b51d7b30f74a9fd33417596daa7,
    type: 2}
  m_PrefabInternal: {fileID: 1235316368}
  m_GameObject: {fileID: 208949247}
  m_Enabled: 1
--- !u!20 &208949252
Camera:
  m_ObjectHideFlags: 0
  m_PrefabParentObject: {fileID: 2089288, guid: 16dc4b51d7b30f74a9fd33417596daa7,
    type: 2}
  m_PrefabInternal: {fileID: 1235316368}
  m_GameObject: {fileID: 208949247}
  m_Enabled: 1
  serializedVersion: 2
  m_ClearFlags: 1
  m_BackGroundColor: {r: 0.22745098, g: 0.22352941, b: 0.22745098, a: 0.019607844}
  m_NormalizedViewPortRect:
    serializedVersion: 2
    x: 0
    y: 0
    width: 1
    height: 1
  near clip plane: 0.3
  far clip plane: 1000
  field of view: 60
  orthographic: 0
  orthographic size: 5
  m_Depth: -1
  m_CullingMask:
    serializedVersion: 2
    m_Bits: 4294967295
  m_RenderingPath: -1
  m_TargetTexture: {fileID: 0}
  m_TargetDisplay: 0
  m_TargetEye: 3
  m_HDR: 1
  m_AllowMSAA: 1
  m_ForceIntoRT: 0
  m_OcclusionCulling: 1
  m_StereoConvergence: 10
  m_StereoSeparation: 0.022
  m_StereoMirrorMode: 0
--- !u!4 &208949253
Transform:
  m_ObjectHideFlags: 0
  m_PrefabParentObject: {fileID: 489288, guid: 16dc4b51d7b30f74a9fd33417596daa7, type: 2}
  m_PrefabInternal: {fileID: 1235316368}
  m_GameObject: {fileID: 208949247}
  m_LocalRotation: {x: -0.38268343, y: 0.00000028084156, z: -0.00000009874512, w: -0.9238796}
  m_LocalPosition: {x: 0, y: 7.03, z: -8.66}
  m_LocalScale: {x: 1, y: 1, z: 1}
  m_Children:
  - {fileID: 377607593}
  m_Father: {fileID: 0}
  m_RootOrder: 1
  m_LocalEulerAnglesHint: {x: 0, y: 0, z: 0}
--- !u!1 &255204142
GameObject:
  m_ObjectHideFlags: 0
  m_PrefabParentObject: {fileID: 159908, guid: bad0018eb9256e6409155981dd5af9a2, type: 2}
  m_PrefabInternal: {fileID: 1040477075}
  serializedVersion: 5
  m_Component:
  - component: {fileID: 255204143}
  m_Layer: 0
  m_Name: B_R_Finger22
  m_TagString: Untagged
  m_Icon: {fileID: 0}
  m_NavMeshLayer: 0
  m_StaticEditorFlags: 0
  m_IsActive: 1
--- !u!4 &255204143
Transform:
  m_ObjectHideFlags: 0
  m_PrefabParentObject: {fileID: 459908, guid: bad0018eb9256e6409155981dd5af9a2, type: 2}
  m_PrefabInternal: {fileID: 1040477075}
  m_GameObject: {fileID: 255204142}
  m_LocalRotation: {x: -0.000000024917053, y: -0.00000000458133, z: -0.11640198, w: 0.9932022}
  m_LocalPosition: {x: -0.08599243, y: -0.000000019073486, z: 0.0000002670288}
  m_LocalScale: {x: 0.99999994, y: 0.99999964, z: 0.9999999}
  m_Children: []
  m_Father: {fileID: 1195760145}
  m_RootOrder: 0
  m_LocalEulerAnglesHint: {x: 0, y: 0, z: 0}
--- !u!1 &264257651
GameObject:
  m_ObjectHideFlags: 0
  m_PrefabParentObject: {fileID: 159842, guid: bad0018eb9256e6409155981dd5af9a2, type: 2}
  m_PrefabInternal: {fileID: 1040477075}
  serializedVersion: 5
  m_Component:
  - component: {fileID: 264257652}
  m_Layer: 0
  m_Name: B_Spine1
  m_TagString: Untagged
  m_Icon: {fileID: 0}
  m_NavMeshLayer: 0
  m_StaticEditorFlags: 0
  m_IsActive: 1
--- !u!4 &264257652
Transform:
  m_ObjectHideFlags: 0
  m_PrefabParentObject: {fileID: 459840, guid: bad0018eb9256e6409155981dd5af9a2, type: 2}
  m_PrefabInternal: {fileID: 1040477075}
  m_GameObject: {fileID: 264257651}
  m_LocalRotation: {x: -5.641104e-15, y: 0, z: -0, w: 1}
  m_LocalPosition: {x: -0.2152304, y: -0.00023167043, z: -4.216225e-10}
  m_LocalScale: {x: 1, y: 1, z: 1}
  m_Children:
  - {fileID: 1403074222}
  - {fileID: 163307078}
  - {fileID: 1782832449}
  m_Father: {fileID: 1155735857}
  m_RootOrder: 0
  m_LocalEulerAnglesHint: {x: 0, y: 0, z: 0}
--- !u!1 &282535971
GameObject:
  m_ObjectHideFlags: 0
  m_PrefabParentObject: {fileID: 159880, guid: bad0018eb9256e6409155981dd5af9a2, type: 2}
  m_PrefabInternal: {fileID: 1040477075}
  serializedVersion: 5
  m_Component:
  - component: {fileID: 282535972}
  m_Layer: 0
  m_Name: B_L_Finger42
  m_TagString: Untagged
  m_Icon: {fileID: 0}
  m_NavMeshLayer: 0
  m_StaticEditorFlags: 0
  m_IsActive: 1
--- !u!4 &282535972
Transform:
  m_ObjectHideFlags: 0
  m_PrefabParentObject: {fileID: 459888, guid: bad0018eb9256e6409155981dd5af9a2, type: 2}
  m_PrefabInternal: {fileID: 1040477075}
  m_GameObject: {fileID: 282535971}
  m_LocalRotation: {x: 0.000000010640656, y: 0.0000002988159, z: -0.1164018, w: 0.9932022}
  m_LocalPosition: {x: -0.061423108, y: -0.00000020980835, z: -0.0000002002716}
  m_LocalScale: {x: 1, y: 1.0000001, z: 0.99999994}
  m_Children: []
  m_Father: {fileID: 1686785701}
  m_RootOrder: 0
  m_LocalEulerAnglesHint: {x: 0, y: 0, z: 0}
--- !u!1 &324068899
GameObject:
  m_ObjectHideFlags: 0
  m_PrefabParentObject: {fileID: 159870, guid: bad0018eb9256e6409155981dd5af9a2, type: 2}
  m_PrefabInternal: {fileID: 1040477075}
  serializedVersion: 5
  m_Component:
  - component: {fileID: 324068900}
  m_Layer: 0
  m_Name: B_L_Finger3
  m_TagString: Untagged
  m_Icon: {fileID: 0}
  m_NavMeshLayer: 0
  m_StaticEditorFlags: 0
  m_IsActive: 1
--- !u!4 &324068900
Transform:
  m_ObjectHideFlags: 0
  m_PrefabParentObject: {fileID: 459878, guid: bad0018eb9256e6409155981dd5af9a2, type: 2}
  m_PrefabInternal: {fileID: 1040477075}
  m_GameObject: {fileID: 324068899}
  m_LocalRotation: {x: -0.00039871738, y: 0.0000002086177, z: -0.0000000036421106,
    w: 0.99999994}
  m_LocalPosition: {x: -0.17157638, y: -0.0349287, z: 0.020928191}
  m_LocalScale: {x: 1.0000001, y: 1, z: 0.9999999}
  m_Children:
  - {fileID: 630813531}
  m_Father: {fileID: 1215465980}
  m_RootOrder: 3
  m_LocalEulerAnglesHint: {x: 0, y: 0, z: 0}
--- !u!1 &377607592
GameObject:
  m_ObjectHideFlags: 0
  m_PrefabParentObject: {fileID: 189286, guid: 16dc4b51d7b30f74a9fd33417596daa7, type: 2}
  m_PrefabInternal: {fileID: 1235316368}
  serializedVersion: 5
  m_Component:
  - component: {fileID: 377607593}
  - component: {fileID: 377607596}
  - component: {fileID: 377607595}
  - component: {fileID: 377607594}
  m_Layer: 0
  m_Name: GUI Camera
  m_TagString: Untagged
  m_Icon: {fileID: 0}
  m_NavMeshLayer: 0
  m_StaticEditorFlags: 0
  m_IsActive: 1
--- !u!4 &377607593
Transform:
  m_ObjectHideFlags: 0
  m_PrefabParentObject: {fileID: 489286, guid: 16dc4b51d7b30f74a9fd33417596daa7, type: 2}
  m_PrefabInternal: {fileID: 1235316368}
  m_GameObject: {fileID: 377607592}
  m_LocalRotation: {x: 0, y: 0, z: 0, w: 1}
  m_LocalPosition: {x: 0, y: 0, z: 0}
  m_LocalScale: {x: 1, y: 1, z: 1}
  m_Children:
  - {fileID: 1829467554}
  m_Father: {fileID: 208949253}
  m_RootOrder: 0
  m_LocalEulerAnglesHint: {x: 0, y: 0, z: 0}
--- !u!124 &377607594
Behaviour:
  m_ObjectHideFlags: 0
  m_PrefabParentObject: {fileID: 12489286, guid: 16dc4b51d7b30f74a9fd33417596daa7,
    type: 2}
  m_PrefabInternal: {fileID: 1235316368}
  m_GameObject: {fileID: 377607592}
  m_Enabled: 1
--- !u!92 &377607595
Behaviour:
  m_ObjectHideFlags: 0
  m_PrefabParentObject: {fileID: 9289286, guid: 16dc4b51d7b30f74a9fd33417596daa7,
    type: 2}
  m_PrefabInternal: {fileID: 1235316368}
  m_GameObject: {fileID: 377607592}
  m_Enabled: 1
--- !u!20 &377607596
Camera:
  m_ObjectHideFlags: 0
  m_PrefabParentObject: {fileID: 2089286, guid: 16dc4b51d7b30f74a9fd33417596daa7,
    type: 2}
  m_PrefabInternal: {fileID: 1235316368}
  m_GameObject: {fileID: 377607592}
  m_Enabled: 1
  serializedVersion: 2
  m_ClearFlags: 3
  m_BackGroundColor: {r: 0.22745098, g: 0.22352941, b: 0.22745098, a: 0.019607844}
  m_NormalizedViewPortRect:
    serializedVersion: 2
    x: 0
    y: 0
    width: 1
    height: 1
  near clip plane: 0.3
  far clip plane: 1000
  field of view: 60
  orthographic: 0
  orthographic size: 5
  m_Depth: 0
  m_CullingMask:
    serializedVersion: 2
    m_Bits: 2
  m_RenderingPath: -1
  m_TargetTexture: {fileID: 0}
  m_TargetDisplay: 0
  m_TargetEye: 3
  m_HDR: 1
  m_AllowMSAA: 1
  m_ForceIntoRT: 0
  m_OcclusionCulling: 1
  m_StereoConvergence: 10
  m_StereoSeparation: 0.022
  m_StereoMirrorMode: 0
--- !u!1 &411564333
GameObject:
  m_ObjectHideFlags: 0
  m_PrefabParentObject: {fileID: 159854, guid: bad0018eb9256e6409155981dd5af9a2, type: 2}
  m_PrefabInternal: {fileID: 1040477075}
  serializedVersion: 5
  m_Component:
  - component: {fileID: 411564334}
  m_Layer: 0
  m_Name: B_L_Finger01
  m_TagString: Untagged
  m_Icon: {fileID: 0}
  m_NavMeshLayer: 0
  m_StaticEditorFlags: 0
  m_IsActive: 1
--- !u!4 &411564334
Transform:
  m_ObjectHideFlags: 0
  m_PrefabParentObject: {fileID: 459862, guid: bad0018eb9256e6409155981dd5af9a2, type: 2}
  m_PrefabInternal: {fileID: 1040477075}
  m_GameObject: {fileID: 411564333}
  m_LocalRotation: {x: 0.000000011678515, y: 0.00000004364074, z: -0.11640196, w: 0.9932022}
  m_LocalPosition: {x: -0.061423033, y: 0, z: -0.00000020980835}
  m_LocalScale: {x: 1.0000001, y: 0.9999999, z: 0.99999964}
  m_Children:
  - {fileID: 1146483763}
  m_Father: {fileID: 856461249}
  m_RootOrder: 0
  m_LocalEulerAnglesHint: {x: 0, y: 0, z: 0}
--- !u!1 &476852802
GameObject:
  m_ObjectHideFlags: 0
  m_PrefabParentObject: {fileID: 159898, guid: bad0018eb9256e6409155981dd5af9a2, type: 2}
  m_PrefabInternal: {fileID: 1040477075}
  serializedVersion: 5
  m_Component:
  - component: {fileID: 476852803}
  m_Layer: 0
  m_Name: B_R_Finger02
  m_TagString: Untagged
  m_Icon: {fileID: 0}
  m_NavMeshLayer: 0
  m_StaticEditorFlags: 0
  m_IsActive: 1
--- !u!4 &476852803
Transform:
  m_ObjectHideFlags: 0
  m_PrefabParentObject: {fileID: 459896, guid: bad0018eb9256e6409155981dd5af9a2, type: 2}
  m_PrefabInternal: {fileID: 1040477075}
  m_GameObject: {fileID: 476852802}
  m_LocalRotation: {x: 0.000000033356088, y: -0.00000013143601, z: -0.116402015, w: 0.9932022}
  m_LocalPosition: {x: -0.061423108, y: 0.000000057220458, z: 0.0000002670288}
  m_LocalScale: {x: 1.0000004, y: 1.0000004, z: 1.0000001}
  m_Children: []
  m_Father: {fileID: 1962604339}
  m_RootOrder: 0
  m_LocalEulerAnglesHint: {x: 0, y: 0, z: 0}
--- !u!1 &543915487
GameObject:
  m_ObjectHideFlags: 0
  m_PrefabParentObject: {fileID: 159858, guid: bad0018eb9256e6409155981dd5af9a2, type: 2}
  m_PrefabInternal: {fileID: 1040477075}
  serializedVersion: 5
  m_Component:
  - component: {fileID: 543915488}
  m_Layer: 0
  m_Name: B_L_Finger1
  m_TagString: Untagged
  m_Icon: {fileID: 0}
  m_NavMeshLayer: 0
  m_StaticEditorFlags: 0
  m_IsActive: 1
--- !u!4 &543915488
Transform:
  m_ObjectHideFlags: 0
  m_PrefabParentObject: {fileID: 459866, guid: bad0018eb9256e6409155981dd5af9a2, type: 2}
  m_PrefabInternal: {fileID: 1040477075}
  m_GameObject: {fileID: 543915487}
  m_LocalRotation: {x: -0.00039816316, y: 1.4832728e-12, z: -0.0000000037252887, w: 0.99999994}
  m_LocalPosition: {x: -0.1715763, y: -0.034993134, z: -0.059923038}
  m_LocalScale: {x: 1.0000004, y: 1.0000002, z: 0.99999976}
  m_Children:
  - {fileID: 1192068537}
  m_Father: {fileID: 1215465980}
  m_RootOrder: 1
  m_LocalEulerAnglesHint: {x: 0, y: 0, z: 0}
--- !u!1 &594346147
GameObject:
  m_ObjectHideFlags: 0
  m_PrefabParentObject: {fileID: 159848, guid: bad0018eb9256e6409155981dd5af9a2, type: 2}
  m_PrefabInternal: {fileID: 1040477075}
  serializedVersion: 5
  m_Component:
  - component: {fileID: 594346148}
  m_Layer: 0
  m_Name: B_L_Forearm
  m_TagString: Untagged
  m_Icon: {fileID: 0}
  m_NavMeshLayer: 0
  m_StaticEditorFlags: 0
  m_IsActive: 1
--- !u!4 &594346148
Transform:
  m_ObjectHideFlags: 0
  m_PrefabParentObject: {fileID: 459856, guid: bad0018eb9256e6409155981dd5af9a2, type: 2}
  m_PrefabInternal: {fileID: 1040477075}
  m_GameObject: {fileID: 594346147}
  m_LocalRotation: {x: 0.000000027604836, y: 0.000000032721672, z: 0.09983333, w: 0.9950042}
  m_LocalPosition: {x: -0.37960723, y: -0.000000057220458, z: 0.00000015258789}
  m_LocalScale: {x: 1.0000001, y: 1.0000001, z: 0.9999997}
  m_Children:
  - {fileID: 1215465980}
  m_Father: {fileID: 75815795}
  m_RootOrder: 0
  m_LocalEulerAnglesHint: {x: 0, y: 0, z: 0}
--- !u!1 &599989903
GameObject:
  m_ObjectHideFlags: 0
  m_PrefabParentObject: {fileID: 159824, guid: bad0018eb9256e6409155981dd5af9a2, type: 2}
  m_PrefabInternal: {fileID: 1040477075}
  serializedVersion: 5
  m_Component:
  - component: {fileID: 599989904}
  m_Layer: 0
  m_Name: B_L_Thigh
  m_TagString: Untagged
  m_Icon: {fileID: 0}
  m_NavMeshLayer: 0
  m_StaticEditorFlags: 0
  m_IsActive: 1
--- !u!4 &599989904
Transform:
  m_ObjectHideFlags: 0
  m_PrefabParentObject: {fileID: 459820, guid: bad0018eb9256e6409155981dd5af9a2, type: 2}
  m_PrefabInternal: {fileID: 1040477075}
  m_GameObject: {fileID: 599989903}
  m_LocalRotation: {x: -0.04997973, y: 0.99875027, z: -0.000004234586, w: 0.00000012082359}
  m_LocalPosition: {x: -0, y: 0.00000026673078, z: 0.15105617}
  m_LocalScale: {x: 0.9999999, y: 1, z: 1}
  m_Children:
  - {fileID: 111045873}
  m_Father: {fileID: 1050086173}
  m_RootOrder: 0
  m_LocalEulerAnglesHint: {x: 0, y: 0, z: 0}
--- !u!1 &623352403
GameObject:
  m_ObjectHideFlags: 0
  m_PrefabParentObject: {fileID: 159888, guid: bad0018eb9256e6409155981dd5af9a2, type: 2}
  m_PrefabInternal: {fileID: 1040477075}
  serializedVersion: 5
  m_Component:
  - component: {fileID: 623352404}
  m_Layer: 0
  m_Name: B_R_UpperArm
  m_TagString: Untagged
  m_Icon: {fileID: 0}
  m_NavMeshLayer: 0
  m_StaticEditorFlags: 0
  m_IsActive: 1
--- !u!4 &623352404
Transform:
  m_ObjectHideFlags: 0
  m_PrefabParentObject: {fileID: 459842, guid: bad0018eb9256e6409155981dd5af9a2, type: 2}
  m_PrefabInternal: {fileID: 1040477075}
  m_GameObject: {fileID: 623352403}
  m_LocalRotation: {x: -0.037064075, y: 0.6700438, z: -0.033529013, w: 0.7406371}
  m_LocalPosition: {x: -0.2791774, y: 0.0000001230836, z: -0.00000015258789}
  m_LocalScale: {x: 0.9999998, y: 1.0000001, z: 0.9999997}
  m_Children:
  - {fileID: 113753823}
  m_Father: {fileID: 1782832449}
  m_RootOrder: 0
  m_LocalEulerAnglesHint: {x: 0, y: 0, z: 0}
--- !u!1 &630813530
GameObject:
  m_ObjectHideFlags: 0
  m_PrefabParentObject: {fileID: 159872, guid: bad0018eb9256e6409155981dd5af9a2, type: 2}
  m_PrefabInternal: {fileID: 1040477075}
  serializedVersion: 5
  m_Component:
  - component: {fileID: 630813531}
  m_Layer: 0
  m_Name: B_L_Finger31
  m_TagString: Untagged
  m_Icon: {fileID: 0}
  m_NavMeshLayer: 0
  m_StaticEditorFlags: 0
  m_IsActive: 1
--- !u!4 &630813531
Transform:
  m_ObjectHideFlags: 0
  m_PrefabParentObject: {fileID: 459880, guid: bad0018eb9256e6409155981dd5af9a2, type: 2}
  m_PrefabInternal: {fileID: 1040477075}
  m_GameObject: {fileID: 630813530}
  m_LocalRotation: {x: -0.00000012079937, y: -0.00000009461531, z: -0.11640205, w: 0.9932022}
  m_LocalPosition: {x: -0.073707886, y: 0.00000015258789, z: 0}
  m_LocalScale: {x: 1, y: 0.99999976, z: 1.0000001}
  m_Children:
  - {fileID: 203871438}
  m_Father: {fileID: 324068900}
  m_RootOrder: 0
  m_LocalEulerAnglesHint: {x: 0, y: 0, z: 0}
--- !u!1 &657260751
GameObject:
  m_ObjectHideFlags: 0
  m_PrefabParentObject: {fileID: 159894, guid: bad0018eb9256e6409155981dd5af9a2, type: 2}
  m_PrefabInternal: {fileID: 1040477075}
  serializedVersion: 5
  m_Component:
  - component: {fileID: 657260752}
  m_Layer: 0
  m_Name: B_R_Finger0
  m_TagString: Untagged
  m_Icon: {fileID: 0}
  m_NavMeshLayer: 0
  m_StaticEditorFlags: 0
  m_IsActive: 1
--- !u!4 &657260752
Transform:
  m_ObjectHideFlags: 0
  m_PrefabParentObject: {fileID: 459892, guid: bad0018eb9256e6409155981dd5af9a2, type: 2}
  m_PrefabInternal: {fileID: 1040477075}
  m_GameObject: {fileID: 657260751}
  m_LocalRotation: {x: -0.44854176, y: 0.13317707, z: -0.06779058, w: 0.8811802}
  m_LocalPosition: {x: -0.129822, y: 0.00109169, z: 0.09989943}
  m_LocalScale: {x: 1.0000002, y: 0.9999996, z: 0.9999996}
  m_Children:
  - {fileID: 1962604339}
  m_Father: {fileID: 2076474823}
  m_RootOrder: 0
  m_LocalEulerAnglesHint: {x: 0, y: 0, z: 0}
--- !u!1 &832464788
GameObject:
  m_ObjectHideFlags: 0
  m_PrefabParentObject: {fileID: 159834, guid: bad0018eb9256e6409155981dd5af9a2, type: 2}
  m_PrefabInternal: {fileID: 1040477075}
  serializedVersion: 5
  m_Component:
  - component: {fileID: 832464789}
  m_Layer: 0
  m_Name: B_R_Calf
  m_TagString: Untagged
  m_Icon: {fileID: 0}
  m_NavMeshLayer: 0
  m_StaticEditorFlags: 0
  m_IsActive: 1
--- !u!4 &832464789
Transform:
  m_ObjectHideFlags: 0
  m_PrefabParentObject: {fileID: 459832, guid: bad0018eb9256e6409155981dd5af9a2, type: 2}
  m_PrefabInternal: {fileID: 1040477075}
  m_GameObject: {fileID: 832464788}
  m_LocalRotation: {x: 0.0000023773391, y: -0.00000018754649, z: 0.09983331, w: 0.9950042}
  m_LocalPosition: {x: -0.55950487, y: 0.000000009536743, z: 0.000000019073486}
  m_LocalScale: {x: 1.0000002, y: 1.0000002, z: 1}
  m_Children:
  - {fileID: 1020292006}
  m_Father: {fileID: 1823025719}
  m_RootOrder: 0
  m_LocalEulerAnglesHint: {x: 0, y: 0, z: 0}
--- !u!1 &835377511
GameObject:
  m_ObjectHideFlags: 0
  m_PrefabParentObject: {fileID: 159866, guid: bad0018eb9256e6409155981dd5af9a2, type: 2}
  m_PrefabInternal: {fileID: 1040477075}
  serializedVersion: 5
  m_Component:
  - component: {fileID: 835377512}
  m_Layer: 0
  m_Name: B_L_Finger21
  m_TagString: Untagged
  m_Icon: {fileID: 0}
  m_NavMeshLayer: 0
  m_StaticEditorFlags: 0
  m_IsActive: 1
--- !u!4 &835377512
Transform:
  m_ObjectHideFlags: 0
  m_PrefabParentObject: {fileID: 459874, guid: bad0018eb9256e6409155981dd5af9a2, type: 2}
  m_PrefabInternal: {fileID: 1040477075}
  m_GameObject: {fileID: 835377511}
  m_LocalRotation: {x: 0.00000002740004, y: -0.00000025826478, z: -0.11640215, w: 0.9932022}
  m_LocalPosition: {x: -0.08599235, y: 0, z: 0.000000095367426}
  m_LocalScale: {x: 1.0000002, y: 0.9999999, z: 0.9999995}
  m_Children:
  - {fileID: 191947897}
  m_Father: {fileID: 1596424104}
  m_RootOrder: 0
  m_LocalEulerAnglesHint: {x: 0, y: 0, z: 0}
--- !u!1 &850503555
GameObject:
  m_ObjectHideFlags: 0
  m_PrefabParentObject: {fileID: 159884, guid: bad0018eb9256e6409155981dd5af9a2, type: 2}
  m_PrefabInternal: {fileID: 1040477075}
  serializedVersion: 5
  m_Component:
  - component: {fileID: 850503556}
  m_Layer: 0
  m_Name: B_Head
  m_TagString: Untagged
  m_Icon: {fileID: 0}
  m_NavMeshLayer: 0
  m_StaticEditorFlags: 0
  m_IsActive: 1
--- !u!4 &850503556
Transform:
  m_ObjectHideFlags: 0
  m_PrefabParentObject: {fileID: 459848, guid: bad0018eb9256e6409155981dd5af9a2, type: 2}
  m_PrefabInternal: {fileID: 1040477075}
  m_GameObject: {fileID: 850503555}
  m_LocalRotation: {x: 0.0000000297811, y: -0.0000000010923774, z: 0.00039887495,
    w: 0.99999994}
  m_LocalPosition: {x: -0.12820907, y: -0.000000020861625, z: 2.842171e-16}
  m_LocalScale: {x: 1, y: 1, z: 1}
  m_Children: []
  m_Father: {fileID: 163307078}
  m_RootOrder: 0
  m_LocalEulerAnglesHint: {x: 0, y: 0, z: 0}
--- !u!1 &856461248
GameObject:
  m_ObjectHideFlags: 0
  m_PrefabParentObject: {fileID: 159852, guid: bad0018eb9256e6409155981dd5af9a2, type: 2}
  m_PrefabInternal: {fileID: 1040477075}
  serializedVersion: 5
  m_Component:
  - component: {fileID: 856461249}
  m_Layer: 0
  m_Name: B_L_Finger0
  m_TagString: Untagged
  m_Icon: {fileID: 0}
  m_NavMeshLayer: 0
  m_StaticEditorFlags: 0
  m_IsActive: 1
--- !u!4 &856461249
Transform:
  m_ObjectHideFlags: 0
  m_PrefabParentObject: {fileID: 459860, guid: bad0018eb9256e6409155981dd5af9a2, type: 2}
  m_PrefabInternal: {fileID: 1040477075}
  m_GameObject: {fileID: 856461248}
  m_LocalRotation: {x: 0.44854182, y: -0.13317716, z: -0.06779064, w: 0.8811802}
  m_LocalPosition: {x: -0.129822, y: 0.00109169, z: -0.09989931}
  m_LocalScale: {x: 1.0000005, y: 0.99999976, z: 1}
  m_Children:
  - {fileID: 411564334}
  m_Father: {fileID: 1215465980}
  m_RootOrder: 0
  m_LocalEulerAnglesHint: {x: 0, y: 0, z: 0}
--- !u!4 &928845074
Transform:
  m_ObjectHideFlags: 0
  m_PrefabParentObject: {fileID: 400000, guid: bad0018eb9256e6409155981dd5af9a2, type: 2}
  m_PrefabInternal: {fileID: 1040477075}
  m_GameObject: {fileID: 1109224490}
  m_LocalRotation: {x: 0, y: 0, z: 0, w: 1}
  m_LocalPosition: {x: 0, y: 0, z: -3}
  m_LocalScale: {x: 1, y: 1, z: 1}
  m_Children:
  - {fileID: 1146376280}
  - {fileID: 2136481366}
  - {fileID: 181672468}
  m_Father: {fileID: 0}
  m_RootOrder: 0
  m_LocalEulerAnglesHint: {x: 0, y: 0, z: 0}
--- !u!1 &934053151
GameObject:
  m_ObjectHideFlags: 0
  m_PrefabParentObject: {fileID: 159902, guid: bad0018eb9256e6409155981dd5af9a2, type: 2}
  m_PrefabInternal: {fileID: 1040477075}
  serializedVersion: 5
  m_Component:
  - component: {fileID: 934053152}
  m_Layer: 0
  m_Name: B_R_Finger11
  m_TagString: Untagged
  m_Icon: {fileID: 0}
  m_NavMeshLayer: 0
  m_StaticEditorFlags: 0
  m_IsActive: 1
--- !u!4 &934053152
Transform:
  m_ObjectHideFlags: 0
  m_PrefabParentObject: {fileID: 459900, guid: bad0018eb9256e6409155981dd5af9a2, type: 2}
  m_PrefabInternal: {fileID: 1040477075}
  m_GameObject: {fileID: 934053151}
  m_LocalRotation: {x: 4.3494655e-10, y: 0.00000012372499, z: -0.11640196, w: 0.9932022}
  m_LocalPosition: {x: -0.07370773, y: 0, z: 0.000000076293944}
  m_LocalScale: {x: 1.0000002, y: 0.9999998, z: 1}
  m_Children:
  - {fileID: 142344278}
  m_Father: {fileID: 1582320801}
  m_RootOrder: 0
  m_LocalEulerAnglesHint: {x: 0, y: 0, z: 0}
--- !u!1 &1020292005
GameObject:
  m_ObjectHideFlags: 0
  m_PrefabParentObject: {fileID: 159836, guid: bad0018eb9256e6409155981dd5af9a2, type: 2}
  m_PrefabInternal: {fileID: 1040477075}
  serializedVersion: 5
  m_Component:
  - component: {fileID: 1020292006}
  m_Layer: 0
  m_Name: B_R_Foot
  m_TagString: Untagged
  m_Icon: {fileID: 0}
  m_NavMeshLayer: 0
  m_StaticEditorFlags: 0
  m_IsActive: 1
--- !u!4 &1020292006
Transform:
  m_ObjectHideFlags: 0
  m_PrefabParentObject: {fileID: 459834, guid: bad0018eb9256e6409155981dd5af9a2, type: 2}
  m_PrefabInternal: {fileID: 1040477075}
  m_GameObject: {fileID: 1020292005}
  m_LocalRotation: {x: 0.00000002681059, y: -0.00000004510774, z: -0.049979202, w: 0.99875027}
  m_LocalPosition: {x: -0.55950487, y: -0.0000000011920929, z: 0.000000028610229}
  m_LocalScale: {x: 0.9999998, y: 0.9999997, z: 1}
  m_Children:
  - {fileID: 1713253782}
  m_Father: {fileID: 832464789}
  m_RootOrder: 0
  m_LocalEulerAnglesHint: {x: 0, y: 0, z: 0}
--- !u!1001 &1040477075
Prefab:
  m_ObjectHideFlags: 0
  serializedVersion: 2
  m_Modification:
    m_TransformParent: {fileID: 0}
    m_Modifications:
    - target: {fileID: 400000, guid: bad0018eb9256e6409155981dd5af9a2, type: 2}
      propertyPath: m_LocalPosition.x
      value: 0
      objectReference: {fileID: 0}
    - target: {fileID: 400000, guid: bad0018eb9256e6409155981dd5af9a2, type: 2}
      propertyPath: m_LocalPosition.y
      value: 0
      objectReference: {fileID: 0}
    - target: {fileID: 400000, guid: bad0018eb9256e6409155981dd5af9a2, type: 2}
      propertyPath: m_LocalPosition.z
      value: -3
      objectReference: {fileID: 0}
    - target: {fileID: 400000, guid: bad0018eb9256e6409155981dd5af9a2, type: 2}
      propertyPath: m_LocalRotation.x
      value: 0
      objectReference: {fileID: 0}
    - target: {fileID: 400000, guid: bad0018eb9256e6409155981dd5af9a2, type: 2}
      propertyPath: m_LocalRotation.y
      value: 0
      objectReference: {fileID: 0}
    - target: {fileID: 400000, guid: bad0018eb9256e6409155981dd5af9a2, type: 2}
      propertyPath: m_LocalRotation.z
      value: 0
      objectReference: {fileID: 0}
    - target: {fileID: 400000, guid: bad0018eb9256e6409155981dd5af9a2, type: 2}
      propertyPath: m_LocalRotation.w
      value: 1
      objectReference: {fileID: 0}
    - target: {fileID: 400000, guid: bad0018eb9256e6409155981dd5af9a2, type: 2}
      propertyPath: m_RootOrder
      value: 0
      objectReference: {fileID: 0}
    m_RemovedComponents: []
  m_ParentPrefab: {fileID: 100100000, guid: bad0018eb9256e6409155981dd5af9a2, type: 2}
  m_RootGameObject: {fileID: 1109224490}
  m_IsPrefabParent: 0
--- !u!1 &1050086172
GameObject:
  m_ObjectHideFlags: 0
  m_PrefabParentObject: {fileID: 159822, guid: bad0018eb9256e6409155981dd5af9a2, type: 2}
  m_PrefabInternal: {fileID: 1040477075}
  serializedVersion: 5
  m_Component:
  - component: {fileID: 1050086173}
  m_Layer: 0
  m_Name: B_Pelvis
  m_TagString: Untagged
  m_Icon: {fileID: 0}
  m_NavMeshLayer: 0
  m_StaticEditorFlags: 0
  m_IsActive: 1
--- !u!4 &1050086173
Transform:
  m_ObjectHideFlags: 0
  m_PrefabParentObject: {fileID: 459822, guid: bad0018eb9256e6409155981dd5af9a2, type: 2}
  m_PrefabInternal: {fileID: 1040477075}
  m_GameObject: {fileID: 1050086172}
  m_LocalRotation: {x: -0.49999964, y: 0.5000004, z: 0.49999964, w: 0.5000004}
  m_LocalPosition: {x: -0.0050410083, y: -0.000000016315786, z: 1.3066297}
  m_LocalScale: {x: 1, y: 1, z: 1}
  m_Children:
  - {fileID: 599989904}
  - {fileID: 1823025719}
  - {fileID: 1155735857}
  m_Father: {fileID: 181672468}
  m_RootOrder: 0
  m_LocalEulerAnglesHint: {x: 0, y: 0, z: 0}
--- !u!1 &1061801964
GameObject:
  m_ObjectHideFlags: 0
  m_PrefabParentObject: {fileID: 0}
  m_PrefabInternal: {fileID: 0}
  serializedVersion: 5
  m_Component:
  - component: {fileID: 1061801966}
  - component: {fileID: 1061801965}
  m_Layer: 0
  m_Name: Directional light
  m_TagString: Untagged
  m_Icon: {fileID: 0}
  m_NavMeshLayer: 0
  m_StaticEditorFlags: 0
  m_IsActive: 1
--- !u!108 &1061801965
Light:
  m_ObjectHideFlags: 0
  m_PrefabParentObject: {fileID: 0}
  m_PrefabInternal: {fileID: 0}
  m_GameObject: {fileID: 1061801964}
  m_Enabled: 1
  serializedVersion: 8
  m_Type: 1
  m_Color: {r: 1, g: 1, b: 1, a: 1}
  m_Intensity: 1
  m_Range: 10
  m_SpotAngle: 30
  m_CookieSize: 10
  m_Shadows:
    m_Type: 1
    m_Resolution: -1
    m_CustomResolution: -1
    m_Strength: 1
    m_Bias: 0.05
    m_NormalBias: 0.4
    m_NearPlane: 0.2
  m_Cookie: {fileID: 0}
  m_DrawHalo: 0
  m_Flare: {fileID: 0}
  m_RenderMode: 0
  m_CullingMask:
    serializedVersion: 2
    m_Bits: 4294967295
  m_Lightmapping: 1
  m_AreaSize: {x: 1, y: 1}
  m_BounceIntensity: 1
  m_ColorTemperature: 6570
  m_UseColorTemperature: 0
  m_ShadowRadius: 0
  m_ShadowAngle: 0
--- !u!4 &1061801966
Transform:
  m_ObjectHideFlags: 0
  m_PrefabParentObject: {fileID: 0}
  m_PrefabInternal: {fileID: 0}
  m_GameObject: {fileID: 1061801964}
  m_LocalRotation: {x: 0.57087165, y: -0.56922644, z: 0.119610935, w: 0.5794654}
  m_LocalPosition: {x: 0.56189215, y: 3.2153056, z: 0.4232282}
  m_LocalScale: {x: 1, y: 1, z: 1}
  m_Children: []
  m_Father: {fileID: 0}
  m_RootOrder: 2
  m_LocalEulerAnglesHint: {x: 0, y: 0, z: 0}
--- !u!1 &1107466619
GameObject:
  m_ObjectHideFlags: 0
  m_PrefabParentObject: {fileID: 159910, guid: bad0018eb9256e6409155981dd5af9a2, type: 2}
  m_PrefabInternal: {fileID: 1040477075}
  serializedVersion: 5
  m_Component:
  - component: {fileID: 1107466620}
  m_Layer: 0
  m_Name: B_R_Finger3
  m_TagString: Untagged
  m_Icon: {fileID: 0}
  m_NavMeshLayer: 0
  m_StaticEditorFlags: 0
  m_IsActive: 1
--- !u!4 &1107466620
Transform:
  m_ObjectHideFlags: 0
  m_PrefabParentObject: {fileID: 459910, guid: bad0018eb9256e6409155981dd5af9a2, type: 2}
  m_PrefabInternal: {fileID: 1040477075}
  m_GameObject: {fileID: 1107466619}
  m_LocalRotation: {x: 0.00039812917, y: 0.000000014904128, z: 0.0000000074446485,
    w: 0.99999994}
  m_LocalPosition: {x: -0.17157677, y: -0.034928665, z: -0.020928307}
  m_LocalScale: {x: 0.9999999, y: 1.0000002, z: 1.0000002}
  m_Children:
  - {fileID: 1326110374}
  m_Father: {fileID: 2076474823}
  m_RootOrder: 3
  m_LocalEulerAnglesHint: {x: 0, y: 0, z: 0}
--- !u!1 &1109224490
GameObject:
  m_ObjectHideFlags: 0
  m_PrefabParentObject: {fileID: 100000, guid: bad0018eb9256e6409155981dd5af9a2, type: 2}
  m_PrefabInternal: {fileID: 1040477075}
  serializedVersion: 5
  m_Component:
  - component: {fileID: 928845074}
  - component: {fileID: 1109224492}
  - component: {fileID: 1109224491}
  m_Layer: 0
  m_Name: Mage Warrior
  m_TagString: Player
  m_Icon: {fileID: 0}
  m_NavMeshLayer: 0
  m_StaticEditorFlags: 0
  m_IsActive: 1
--- !u!114 &1109224491
MonoBehaviour:
  m_ObjectHideFlags: 0
  m_PrefabParentObject: {fileID: 11484642, guid: bad0018eb9256e6409155981dd5af9a2,
    type: 2}
  m_PrefabInternal: {fileID: 1040477075}
  m_GameObject: {fileID: 1109224490}
  m_Enabled: 1
  m_EditorHideFlags: 0
  m_Script: {fileID: 11500000, guid: 7f7ef17c21ec457409514db055acb92a, type: 3}
  m_Name: 
  m_EditorClassIdentifier: 
  animator: {fileID: 1109224492}
  warrior: 5
--- !u!95 &1109224492
Animator:
  serializedVersion: 3
  m_ObjectHideFlags: 0
  m_PrefabParentObject: {fileID: 9590292, guid: bad0018eb9256e6409155981dd5af9a2,
    type: 2}
  m_PrefabInternal: {fileID: 1040477075}
  m_GameObject: {fileID: 1109224490}
  m_Enabled: 1
  m_Avatar: {fileID: 9000000, guid: 7c72ed3f90575084c9f3b5b585887182, type: 3}
  m_Controller: {fileID: 9100000, guid: 021ed2d8525a1b7488aade4080c5a087, type: 2}
  m_CullingMode: 1
  m_UpdateMode: 0
  m_ApplyRootMotion: 1
  m_LinearVelocityBlending: 0
  m_WarningMessage: 
  m_HasTransformHierarchy: 1
  m_AllowConstantClipSamplingOptimization: 1
--- !u!1 &1146376279
GameObject:
  m_ObjectHideFlags: 0
  m_PrefabParentObject: {fileID: 126158, guid: bad0018eb9256e6409155981dd5af9a2, type: 2}
  m_PrefabInternal: {fileID: 1040477075}
  serializedVersion: 5
  m_Component:
  - component: {fileID: 1146376280}
  - component: {fileID: 1146376281}
  m_Layer: 0
  m_Name: Mesh-Mage
  m_TagString: Untagged
  m_Icon: {fileID: 0}
  m_NavMeshLayer: 0
  m_StaticEditorFlags: 0
  m_IsActive: 1
--- !u!4 &1146376280
Transform:
  m_ObjectHideFlags: 0
  m_PrefabParentObject: {fileID: 426158, guid: bad0018eb9256e6409155981dd5af9a2, type: 2}
  m_PrefabInternal: {fileID: 1040477075}
  m_GameObject: {fileID: 1146376279}
  m_LocalRotation: {x: -0.7071068, y: 0, z: -0, w: 0.7071068}
  m_LocalPosition: {x: 0, y: 0, z: 0}
  m_LocalScale: {x: 1, y: 1, z: 1}
  m_Children: []
  m_Father: {fileID: 928845074}
  m_RootOrder: 0
  m_LocalEulerAnglesHint: {x: 0, y: 0, z: 0}
--- !u!137 &1146376281
SkinnedMeshRenderer:
  m_ObjectHideFlags: 0
  m_PrefabParentObject: {fileID: 13726158, guid: bad0018eb9256e6409155981dd5af9a2,
    type: 2}
  m_PrefabInternal: {fileID: 1040477075}
  m_GameObject: {fileID: 1146376279}
  m_Enabled: 1
  m_CastShadows: 1
  m_ReceiveShadows: 1
  m_MotionVectors: 1
  m_LightProbeUsage: 0
  m_ReflectionProbeUsage: 1
  m_Materials:
  - {fileID: 2100000, guid: 477b1ce20530f594b87bce7fe5ba012a, type: 2}
  m_StaticBatchInfo:
    firstSubMesh: 0
    subMeshCount: 0
  m_StaticBatchRoot: {fileID: 0}
  m_ProbeAnchor: {fileID: 0}
  m_LightProbeVolumeOverride: {fileID: 0}
  m_ScaleInLightmap: 1
  m_PreserveUVs: 0
  m_IgnoreNormalsForChartDetection: 0
  m_ImportantGI: 0
  m_SelectedEditorRenderState: 3
  m_MinimumChartSize: 4
  m_AutoUVMaxDistance: 0.5
  m_AutoUVMaxAngle: 89
  m_LightmapParameters: {fileID: 0}
  m_SortingLayerID: 0
  m_SortingLayer: 0
  m_SortingOrder: 0
  serializedVersion: 2
  m_Quality: 0
  m_UpdateWhenOffscreen: 0
  m_SkinnedMotionVectors: 1
  m_Mesh: {fileID: 4300008, guid: 7c72ed3f90575084c9f3b5b585887182, type: 3}
  m_Bones:
  - {fileID: 599989904}
  - {fileID: 1050086173}
  - {fileID: 1823025719}
  - {fileID: 111045873}
  - {fileID: 856461249}
  - {fileID: 1538813962}
  - {fileID: 282535972}
  - {fileID: 1146483763}
  - {fileID: 832464789}
  - {fileID: 657260752}
  - {fileID: 2145801207}
  - {fileID: 1680508629}
  - {fileID: 476852803}
  - {fileID: 181672468}
  - {fileID: 1157497149}
  - {fileID: 1020292006}
  - {fileID: 2068627636}
  - {fileID: 1713253782}
  - {fileID: 1403074222}
  - {fileID: 163307078}
  - {fileID: 850503556}
  - {fileID: 1782832449}
  - {fileID: 594346148}
  - {fileID: 75815795}
  - {fileID: 113753823}
  - {fileID: 623352404}
  - {fileID: 2076474823}
  - {fileID: 1215465980}
  - {fileID: 324068900}
  - {fileID: 630813531}
  - {fileID: 1596424104}
  - {fileID: 1686785701}
  - {fileID: 1192068537}
  - {fileID: 835377512}
  - {fileID: 411564334}
  - {fileID: 543915488}
  - {fileID: 1272118175}
  - {fileID: 191947897}
  - {fileID: 203871438}
  - {fileID: 1107466620}
  - {fileID: 1326110374}
  - {fileID: 1583584164}
  - {fileID: 2090742637}
  - {fileID: 934053152}
  - {fileID: 1195760145}
  - {fileID: 1962604339}
  - {fileID: 1582320801}
  - {fileID: 142344278}
  - {fileID: 255204143}
  - {fileID: 2133259188}
  - {fileID: 1155735857}
  - {fileID: 264257652}
  m_BlendShapeWeights: []
  m_RootBone: {fileID: 181672468}
  m_AABB:
    m_Center: {x: -0.009190097, y: 0.00000029802322, z: 1.3431456}
    m_Extent: {x: 0.44342208, y: 0.5019626, z: 1.362453}
  m_DirtyAABB: 0
--- !u!1 &1146483762
GameObject:
  m_ObjectHideFlags: 0
  m_PrefabParentObject: {fileID: 159856, guid: bad0018eb9256e6409155981dd5af9a2, type: 2}
  m_PrefabInternal: {fileID: 1040477075}
  serializedVersion: 5
  m_Component:
  - component: {fileID: 1146483763}
  m_Layer: 0
  m_Name: B_L_Finger02
  m_TagString: Untagged
  m_Icon: {fileID: 0}
  m_NavMeshLayer: 0
  m_StaticEditorFlags: 0
  m_IsActive: 1
--- !u!4 &1146483763
Transform:
  m_ObjectHideFlags: 0
  m_PrefabParentObject: {fileID: 459864, guid: bad0018eb9256e6409155981dd5af9a2, type: 2}
  m_PrefabInternal: {fileID: 1040477075}
  m_GameObject: {fileID: 1146483762}
  m_LocalRotation: {x: -0.000000060934, y: -0.000000007861759, z: -0.1164021, w: 0.9932022}
  m_LocalPosition: {x: -0.06142326, y: 0.000000019073486, z: 0.00000022888183}
  m_LocalScale: {x: 1.0000001, y: 0.99999994, z: 1}
  m_Children: []
  m_Father: {fileID: 411564334}
  m_RootOrder: 0
  m_LocalEulerAnglesHint: {x: 0, y: 0, z: 0}
--- !u!1 &1155735856
GameObject:
  m_ObjectHideFlags: 0
  m_PrefabParentObject: {fileID: 159840, guid: bad0018eb9256e6409155981dd5af9a2, type: 2}
  m_PrefabInternal: {fileID: 1040477075}
  serializedVersion: 5
  m_Component:
  - component: {fileID: 1155735857}
  m_Layer: 0
  m_Name: B_Spine
  m_TagString: Untagged
  m_Icon: {fileID: 0}
  m_NavMeshLayer: 0
  m_StaticEditorFlags: 0
  m_IsActive: 1
--- !u!4 &1155735857
Transform:
  m_ObjectHideFlags: 0
  m_PrefabParentObject: {fileID: 459826, guid: bad0018eb9256e6409155981dd5af9a2, type: 2}
  m_PrefabInternal: {fileID: 1040477075}
  m_GameObject: {fileID: 1155735856}
  m_LocalRotation: {x: -0.0000016033553, y: -0.000000021770637, z: -0.00039744377,
    w: 0.99999994}
  m_LocalPosition: {x: -0.12868606, y: -0.00017150372, z: -0.0000000053875464}
  m_LocalScale: {x: 1, y: 1, z: 1}
  m_Children:
  - {fileID: 264257652}
  m_Father: {fileID: 1050086173}
  m_RootOrder: 2
  m_LocalEulerAnglesHint: {x: 0, y: 0, z: 0}
--- !u!1 &1157497148
GameObject:
  m_ObjectHideFlags: 0
  m_PrefabParentObject: {fileID: 159828, guid: bad0018eb9256e6409155981dd5af9a2, type: 2}
  m_PrefabInternal: {fileID: 1040477075}
  serializedVersion: 5
  m_Component:
  - component: {fileID: 1157497149}
  m_Layer: 0
  m_Name: B_L_Foot
  m_TagString: Untagged
  m_Icon: {fileID: 0}
  m_NavMeshLayer: 0
  m_StaticEditorFlags: 0
  m_IsActive: 1
--- !u!4 &1157497149
Transform:
  m_ObjectHideFlags: 0
  m_PrefabParentObject: {fileID: 459830, guid: bad0018eb9256e6409155981dd5af9a2, type: 2}
  m_PrefabInternal: {fileID: 1040477075}
  m_GameObject: {fileID: 1157497148}
  m_LocalRotation: {x: 0.00000047264385, y: -0.000000048054105, z: -0.049979202, w: 0.99875027}
  m_LocalPosition: {x: -0.5595047, y: -0.000000009536743, z: -0.000000028610229}
  m_LocalScale: {x: 0.9999998, y: 0.9999997, z: 1}
  m_Children:
  - {fileID: 2068627636}
  m_Father: {fileID: 111045873}
  m_RootOrder: 0
  m_LocalEulerAnglesHint: {x: 0, y: 0, z: 0}
--- !u!1 &1192068536
GameObject:
  m_ObjectHideFlags: 0
  m_PrefabParentObject: {fileID: 159860, guid: bad0018eb9256e6409155981dd5af9a2, type: 2}
  m_PrefabInternal: {fileID: 1040477075}
  serializedVersion: 5
  m_Component:
  - component: {fileID: 1192068537}
  m_Layer: 0
  m_Name: B_L_Finger11
  m_TagString: Untagged
  m_Icon: {fileID: 0}
  m_NavMeshLayer: 0
  m_StaticEditorFlags: 0
  m_IsActive: 1
--- !u!4 &1192068537
Transform:
  m_ObjectHideFlags: 0
  m_PrefabParentObject: {fileID: 459868, guid: bad0018eb9256e6409155981dd5af9a2, type: 2}
  m_PrefabInternal: {fileID: 1040477075}
  m_GameObject: {fileID: 1192068536}
  m_LocalRotation: {x: 0.00000003037975, y: -0.000000044819146, z: -0.11640206, w: 0.9932022}
  m_LocalPosition: {x: -0.073707886, y: -0.000000038146972, z: 0.00000015258789}
  m_LocalScale: {x: 0.9999997, y: 0.9999997, z: 1}
  m_Children:
  - {fileID: 1272118175}
  m_Father: {fileID: 543915488}
  m_RootOrder: 0
  m_LocalEulerAnglesHint: {x: 0, y: 0, z: 0}
--- !u!1 &1195760144
GameObject:
  m_ObjectHideFlags: 0
  m_PrefabParentObject: {fileID: 159906, guid: bad0018eb9256e6409155981dd5af9a2, type: 2}
  m_PrefabInternal: {fileID: 1040477075}
  serializedVersion: 5
  m_Component:
  - component: {fileID: 1195760145}
  m_Layer: 0
  m_Name: B_R_Finger21
  m_TagString: Untagged
  m_Icon: {fileID: 0}
  m_NavMeshLayer: 0
  m_StaticEditorFlags: 0
  m_IsActive: 1
--- !u!4 &1195760145
Transform:
  m_ObjectHideFlags: 0
  m_PrefabParentObject: {fileID: 459906, guid: bad0018eb9256e6409155981dd5af9a2, type: 2}
  m_PrefabInternal: {fileID: 1040477075}
  m_GameObject: {fileID: 1195760144}
  m_LocalRotation: {x: -0.00000001491465, y: 0.00000007676373, z: -0.116402075, w: 0.9932022}
  m_LocalPosition: {x: -0.08599235, y: -0.000000114440915, z: -0.00000030517577}
  m_LocalScale: {x: 1, y: 1.0000004, z: 1.0000002}
  m_Children:
  - {fileID: 255204143}
  m_Father: {fileID: 1583584164}
  m_RootOrder: 0
  m_LocalEulerAnglesHint: {x: 0, y: 0, z: 0}
--- !u!1 &1215465979
GameObject:
  m_ObjectHideFlags: 0
  m_PrefabParentObject: {fileID: 159850, guid: bad0018eb9256e6409155981dd5af9a2, type: 2}
  m_PrefabInternal: {fileID: 1040477075}
  serializedVersion: 5
  m_Component:
  - component: {fileID: 1215465980}
  m_Layer: 0
  m_Name: B_L_Hand
  m_TagString: Untagged
  m_Icon: {fileID: 0}
  m_NavMeshLayer: 0
  m_StaticEditorFlags: 0
  m_IsActive: 1
--- !u!4 &1215465980
Transform:
  m_ObjectHideFlags: 0
  m_PrefabParentObject: {fileID: 459858, guid: bad0018eb9256e6409155981dd5af9a2, type: 2}
  m_PrefabInternal: {fileID: 1040477075}
  m_GameObject: {fileID: 1215465979}
  m_LocalRotation: {x: -0.7068252, y: 0.00000004215104, z: 0.00000001051993, w: 0.7073883}
  m_LocalPosition: {x: -0.2544747, y: -0.000000057220458, z: -0.00000015258789}
  m_LocalScale: {x: 1, y: 0.9999999, z: 1.0000005}
  m_Children:
  - {fileID: 856461249}
  - {fileID: 543915488}
  - {fileID: 1596424104}
  - {fileID: 324068900}
  - {fileID: 1538813962}
  m_Father: {fileID: 594346148}
  m_RootOrder: 0
  m_LocalEulerAnglesHint: {x: 0, y: 0, z: 0}
--- !u!1001 &1235316368
Prefab:
  m_ObjectHideFlags: 0
  serializedVersion: 2
  m_Modification:
    m_TransformParent: {fileID: 0}
    m_Modifications:
    - target: {fileID: 489288, guid: 16dc4b51d7b30f74a9fd33417596daa7, type: 2}
      propertyPath: m_LocalPosition.x
      value: 0
      objectReference: {fileID: 0}
    - target: {fileID: 489288, guid: 16dc4b51d7b30f74a9fd33417596daa7, type: 2}
      propertyPath: m_LocalPosition.y
      value: 7.03000021
      objectReference: {fileID: 0}
    - target: {fileID: 489288, guid: 16dc4b51d7b30f74a9fd33417596daa7, type: 2}
      propertyPath: m_LocalPosition.z
      value: -8.65999985
      objectReference: {fileID: 0}
    - target: {fileID: 489288, guid: 16dc4b51d7b30f74a9fd33417596daa7, type: 2}
      propertyPath: m_LocalRotation.x
      value: -.382683426
      objectReference: {fileID: 0}
    - target: {fileID: 489288, guid: 16dc4b51d7b30f74a9fd33417596daa7, type: 2}
      propertyPath: m_LocalRotation.y
      value: 2.80841562e-07
      objectReference: {fileID: 0}
    - target: {fileID: 489288, guid: 16dc4b51d7b30f74a9fd33417596daa7, type: 2}
      propertyPath: m_LocalRotation.z
      value: -9.87451187e-08
      objectReference: {fileID: 0}
    - target: {fileID: 489288, guid: 16dc4b51d7b30f74a9fd33417596daa7, type: 2}
      propertyPath: m_LocalRotation.w
      value: -.923879623
      objectReference: {fileID: 0}
    - target: {fileID: 489288, guid: 16dc4b51d7b30f74a9fd33417596daa7, type: 2}
      propertyPath: m_RootOrder
      value: 1
      objectReference: {fileID: 0}
    - target: {fileID: 189288, guid: 16dc4b51d7b30f74a9fd33417596daa7, type: 2}
      propertyPath: m_Name
      value: Main Camera
      objectReference: {fileID: 0}
    - target: {fileID: 11481238, guid: 16dc4b51d7b30f74a9fd33417596daa7, type: 2}
      propertyPath: target
      value: 
      objectReference: {fileID: 928845074}
    - target: {fileID: 2089288, guid: 16dc4b51d7b30f74a9fd33417596daa7, type: 2}
      propertyPath: m_BackGroundColor.r
      value: .227450982
      objectReference: {fileID: 0}
    - target: {fileID: 2089288, guid: 16dc4b51d7b30f74a9fd33417596daa7, type: 2}
      propertyPath: m_BackGroundColor.g
      value: .223529413
      objectReference: {fileID: 0}
    - target: {fileID: 2089288, guid: 16dc4b51d7b30f74a9fd33417596daa7, type: 2}
      propertyPath: m_BackGroundColor.b
      value: .227450982
      objectReference: {fileID: 0}
    m_RemovedComponents: []
  m_ParentPrefab: {fileID: 100100000, guid: 16dc4b51d7b30f74a9fd33417596daa7, type: 2}
  m_RootGameObject: {fileID: 208949247}
  m_IsPrefabParent: 0
--- !u!1 &1272118174
GameObject:
  m_ObjectHideFlags: 0
  m_PrefabParentObject: {fileID: 159862, guid: bad0018eb9256e6409155981dd5af9a2, type: 2}
  m_PrefabInternal: {fileID: 1040477075}
  serializedVersion: 5
  m_Component:
  - component: {fileID: 1272118175}
  m_Layer: 0
  m_Name: B_L_Finger12
  m_TagString: Untagged
  m_Icon: {fileID: 0}
  m_NavMeshLayer: 0
  m_StaticEditorFlags: 0
  m_IsActive: 1
--- !u!4 &1272118175
Transform:
  m_ObjectHideFlags: 0
  m_PrefabParentObject: {fileID: 459870, guid: bad0018eb9256e6409155981dd5af9a2, type: 2}
  m_PrefabInternal: {fileID: 1040477075}
  m_GameObject: {fileID: 1272118174}
  m_LocalRotation: {x: 0.0000001563813, y: -0.000000025829262, z: -0.116402015, w: 0.9932022}
  m_LocalPosition: {x: -0.073707804, y: -0.00000017166137, z: -0.0000002479553}
  m_LocalScale: {x: 0.99999994, y: 1, z: 0.99999994}
  m_Children: []
  m_Father: {fileID: 1192068537}
  m_RootOrder: 0
  m_LocalEulerAnglesHint: {x: 0, y: 0, z: 0}
--- !u!1 &1326110373
GameObject:
  m_ObjectHideFlags: 0
  m_PrefabParentObject: {fileID: 159912, guid: bad0018eb9256e6409155981dd5af9a2, type: 2}
  m_PrefabInternal: {fileID: 1040477075}
  serializedVersion: 5
  m_Component:
  - component: {fileID: 1326110374}
  m_Layer: 0
  m_Name: B_R_Finger31
  m_TagString: Untagged
  m_Icon: {fileID: 0}
  m_NavMeshLayer: 0
  m_StaticEditorFlags: 0
  m_IsActive: 1
--- !u!4 &1326110374
Transform:
  m_ObjectHideFlags: 0
  m_PrefabParentObject: {fileID: 459912, guid: bad0018eb9256e6409155981dd5af9a2, type: 2}
  m_PrefabInternal: {fileID: 1040477075}
  m_GameObject: {fileID: 1326110373}
  m_LocalRotation: {x: 0.000000006851507, y: 0.000000070461965, z: -0.116402015, w: 0.9932022}
  m_LocalPosition: {x: -0.073707506, y: -0.000000076293944, z: 0}
  m_LocalScale: {x: 1.0000001, y: 1.0000001, z: 1.0000002}
  m_Children:
  - {fileID: 2133259188}
  m_Father: {fileID: 1107466620}
  m_RootOrder: 0
  m_LocalEulerAnglesHint: {x: 0, y: 0, z: 0}
--- !u!1 &1387945814
GameObject:
  m_ObjectHideFlags: 0
  m_PrefabParentObject: {fileID: 185252, guid: 16dc4b51d7b30f74a9fd33417596daa7, type: 2}
  m_PrefabInternal: {fileID: 1235316368}
  serializedVersion: 5
  m_Component:
  - component: {fileID: 1387945815}
  - component: {fileID: 1387945816}
  m_Layer: 1
  m_Name: Controller
  m_TagString: Untagged
  m_Icon: {fileID: 0}
  m_NavMeshLayer: 0
  m_StaticEditorFlags: 0
  m_IsActive: 1
--- !u!4 &1387945815
Transform:
  m_ObjectHideFlags: 0
  m_PrefabParentObject: {fileID: 485252, guid: 16dc4b51d7b30f74a9fd33417596daa7, type: 2}
  m_PrefabInternal: {fileID: 1235316368}
  m_GameObject: {fileID: 1387945814}
  m_LocalRotation: {x: 0, y: 0, z: 0, w: 1}
  m_LocalPosition: {x: -9.9, y: -5.19, z: 0}
  m_LocalScale: {x: 1, y: 1, z: 1}
  m_Children: []
  m_Father: {fileID: 1829467554}
  m_RootOrder: 0
  m_LocalEulerAnglesHint: {x: 0, y: 0, z: 0}
--- !u!212 &1387945816
SpriteRenderer:
  m_ObjectHideFlags: 0
  m_PrefabParentObject: {fileID: 21285252, guid: 16dc4b51d7b30f74a9fd33417596daa7,
    type: 2}
  m_PrefabInternal: {fileID: 1235316368}
  m_GameObject: {fileID: 1387945814}
  m_Enabled: 1
  m_CastShadows: 0
  m_ReceiveShadows: 0
  m_MotionVectors: 1
  m_LightProbeUsage: 0
  m_ReflectionProbeUsage: 1
  m_Materials:
  - {fileID: 10754, guid: 0000000000000000f000000000000000, type: 0}
  m_StaticBatchInfo:
    firstSubMesh: 0
    subMeshCount: 0
  m_StaticBatchRoot: {fileID: 0}
  m_ProbeAnchor: {fileID: 0}
  m_LightProbeVolumeOverride: {fileID: 0}
  m_ScaleInLightmap: 1
  m_PreserveUVs: 0
  m_IgnoreNormalsForChartDetection: 0
  m_ImportantGI: 0
  m_SelectedEditorRenderState: 0
  m_MinimumChartSize: 4
  m_AutoUVMaxDistance: 0.5
  m_AutoUVMaxAngle: 89
  m_LightmapParameters: {fileID: 0}
  m_SortingLayerID: 0
  m_SortingLayer: 0
  m_SortingOrder: 0
  m_Sprite: {fileID: 21300000, guid: a89b87919aade4c498f4e0df342ab278, type: 3}
  m_Color: {r: 1, g: 1, b: 1, a: 1}
  m_FlipX: 0
  m_FlipY: 0
  m_DrawMode: 0
  m_Size: {x: 1, y: 1}
  m_AdaptiveModeThreshold: 0.5
  m_SpriteTileMode: 0
  m_WasSpriteAssigned: 1
  m_MaskInteraction: 0
--- !u!1 &1403074221
GameObject:
  m_ObjectHideFlags: 0
  m_PrefabParentObject: {fileID: 159844, guid: bad0018eb9256e6409155981dd5af9a2, type: 2}
  m_PrefabInternal: {fileID: 1040477075}
  serializedVersion: 5
  m_Component:
  - component: {fileID: 1403074222}
  m_Layer: 0
  m_Name: B_L_Clavicle
  m_TagString: Untagged
  m_Icon: {fileID: 0}
  m_NavMeshLayer: 0
  m_StaticEditorFlags: 0
  m_IsActive: 1
--- !u!4 &1403074222
Transform:
  m_ObjectHideFlags: 0
  m_PrefabParentObject: {fileID: 459850, guid: bad0018eb9256e6409155981dd5af9a2, type: 2}
  m_PrefabInternal: {fileID: 1040477075}
  m_GameObject: {fileID: 1403074221}
  m_LocalRotation: {x: 0.70710677, y: 0.00028154097, z: -0.70710677, w: 0.00028154097}
  m_LocalPosition: {x: -0.29094252, y: -0.00000010475516, z: 0.057713848}
  m_LocalScale: {x: 1, y: 1, z: 1}
  m_Children:
  - {fileID: 75815795}
  m_Father: {fileID: 264257652}
  m_RootOrder: 0
  m_LocalEulerAnglesHint: {x: 0, y: 0, z: 0}
--- !u!1 &1529274231
GameObject:
  m_ObjectHideFlags: 0
  m_PrefabParentObject: {fileID: 0}
  m_PrefabInternal: {fileID: 0}
  serializedVersion: 5
  m_Component:
  - component: {fileID: 1529274235}
  - component: {fileID: 1529274234}
  - component: {fileID: 1529274232}
  - component: {fileID: 1529274233}
  m_Layer: 0
  m_Name: Grid
  m_TagString: Untagged
  m_Icon: {fileID: 0}
  m_NavMeshLayer: 0
  m_StaticEditorFlags: 0
  m_IsActive: 1
--- !u!23 &1529274232
MeshRenderer:
  m_ObjectHideFlags: 0
  m_PrefabParentObject: {fileID: 0}
  m_PrefabInternal: {fileID: 0}
  m_GameObject: {fileID: 1529274231}
  m_Enabled: 1
  m_CastShadows: 1
  m_ReceiveShadows: 1
  m_MotionVectors: 1
  m_LightProbeUsage: 0
  m_ReflectionProbeUsage: 1
  m_Materials:
  - {fileID: 2100000, guid: 68b1fdfa59a408c4e912b4f523135bec, type: 2}
  m_StaticBatchInfo:
    firstSubMesh: 0
    subMeshCount: 0
  m_StaticBatchRoot: {fileID: 0}
  m_ProbeAnchor: {fileID: 0}
  m_LightProbeVolumeOverride: {fileID: 0}
  m_ScaleInLightmap: 1
  m_PreserveUVs: 0
  m_IgnoreNormalsForChartDetection: 0
  m_ImportantGI: 0
  m_SelectedEditorRenderState: 3
  m_MinimumChartSize: 4
  m_AutoUVMaxDistance: 0.5
  m_AutoUVMaxAngle: 89
  m_LightmapParameters: {fileID: 0}
  m_SortingLayerID: 0
  m_SortingLayer: 0
  m_SortingOrder: 0
--- !u!64 &1529274233
MeshCollider:
  m_ObjectHideFlags: 0
  m_PrefabParentObject: {fileID: 0}
  m_PrefabInternal: {fileID: 0}
  m_GameObject: {fileID: 1529274231}
  m_Material: {fileID: 0}
  m_IsTrigger: 0
  m_Enabled: 1
  serializedVersion: 2
  m_Convex: 0
  m_InflateMesh: 0
  m_SkinWidth: 0.01
  m_Mesh: {fileID: 10210, guid: 0000000000000000e000000000000000, type: 0}
--- !u!33 &1529274234
MeshFilter:
  m_ObjectHideFlags: 0
  m_PrefabParentObject: {fileID: 0}
  m_PrefabInternal: {fileID: 0}
  m_GameObject: {fileID: 1529274231}
  m_Mesh: {fileID: 10210, guid: 0000000000000000e000000000000000, type: 0}
--- !u!4 &1529274235
Transform:
  m_ObjectHideFlags: 0
  m_PrefabParentObject: {fileID: 0}
  m_PrefabInternal: {fileID: 0}
  m_GameObject: {fileID: 1529274231}
  m_LocalRotation: {x: 0.7071068, y: 0, z: 0, w: 0.7071068}
  m_LocalPosition: {x: 0, y: 0, z: 0}
  m_LocalScale: {x: 50, y: 50, z: 50}
  m_Children: []
  m_Father: {fileID: 0}
  m_RootOrder: 3
  m_LocalEulerAnglesHint: {x: 0, y: 0, z: 0}
--- !u!1 &1538813961
GameObject:
  m_ObjectHideFlags: 0
  m_PrefabParentObject: {fileID: 159876, guid: bad0018eb9256e6409155981dd5af9a2, type: 2}
  m_PrefabInternal: {fileID: 1040477075}
  serializedVersion: 5
  m_Component:
  - component: {fileID: 1538813962}
  m_Layer: 0
  m_Name: B_L_Finger4
  m_TagString: Untagged
  m_Icon: {fileID: 0}
  m_NavMeshLayer: 0
  m_StaticEditorFlags: 0
  m_IsActive: 1
--- !u!4 &1538813962
Transform:
  m_ObjectHideFlags: 0
  m_PrefabParentObject: {fileID: 459884, guid: bad0018eb9256e6409155981dd5af9a2, type: 2}
  m_PrefabInternal: {fileID: 1040477075}
  m_GameObject: {fileID: 1538813961}
  m_LocalRotation: {x: -0.00039956573, y: 0.00000021979355, z: -0.0000000036374677,
    w: 0.99999994}
  m_LocalPosition: {x: -0.17157638, y: -0.03489662, z: 0.061353847}
  m_LocalScale: {x: 1.0000002, y: 1.0000002, z: 0.99999994}
  m_Children:
  - {fileID: 1686785701}
  m_Father: {fileID: 1215465980}
  m_RootOrder: 4
  m_LocalEulerAnglesHint: {x: 0, y: 0, z: 0}
--- !u!1 &1582320800
GameObject:
  m_ObjectHideFlags: 0
  m_PrefabParentObject: {fileID: 159900, guid: bad0018eb9256e6409155981dd5af9a2, type: 2}
  m_PrefabInternal: {fileID: 1040477075}
  serializedVersion: 5
  m_Component:
  - component: {fileID: 1582320801}
  m_Layer: 0
  m_Name: B_R_Finger1
  m_TagString: Untagged
  m_Icon: {fileID: 0}
  m_NavMeshLayer: 0
  m_StaticEditorFlags: 0
  m_IsActive: 1
--- !u!4 &1582320801
Transform:
  m_ObjectHideFlags: 0
  m_PrefabParentObject: {fileID: 459898, guid: bad0018eb9256e6409155981dd5af9a2, type: 2}
  m_PrefabInternal: {fileID: 1040477075}
  m_GameObject: {fileID: 1582320800}
  m_LocalRotation: {x: 0.000398138, y: -0.000000067071554, z: -0.0000000409515, w: 0.99999994}
  m_LocalPosition: {x: -0.17157646, y: -0.034993093, z: 0.059923045}
  m_LocalScale: {x: 0.99999976, y: 1.0000002, z: 1.0000001}
  m_Children:
  - {fileID: 934053152}
  m_Father: {fileID: 2076474823}
  m_RootOrder: 1
  m_LocalEulerAnglesHint: {x: 0, y: 0, z: 0}
--- !u!1 &1583584163
GameObject:
  m_ObjectHideFlags: 0
  m_PrefabParentObject: {fileID: 159904, guid: bad0018eb9256e6409155981dd5af9a2, type: 2}
  m_PrefabInternal: {fileID: 1040477075}
  serializedVersion: 5
  m_Component:
  - component: {fileID: 1583584164}
  m_Layer: 0
  m_Name: B_R_Finger2
  m_TagString: Untagged
  m_Icon: {fileID: 0}
  m_NavMeshLayer: 0
  m_StaticEditorFlags: 0
  m_IsActive: 1
--- !u!4 &1583584164
Transform:
  m_ObjectHideFlags: 0
  m_PrefabParentObject: {fileID: 459904, guid: bad0018eb9256e6409155981dd5af9a2, type: 2}
  m_PrefabInternal: {fileID: 1040477075}
  m_GameObject: {fileID: 1583584163}
  m_LocalRotation: {x: 0.0003981362, y: -0.00000005960909, z: -0.00000001115214, w: 0.99999994}
  m_LocalPosition: {x: -0.1715766, y: -0.034960784, z: 0.019497499}
  m_LocalScale: {x: 1, y: 1.0000001, z: 0.99999994}
  m_Children:
  - {fileID: 1195760145}
  m_Father: {fileID: 2076474823}
  m_RootOrder: 2
  m_LocalEulerAnglesHint: {x: 0, y: 0, z: 0}
--- !u!1 &1596424103
GameObject:
  m_ObjectHideFlags: 0
  m_PrefabParentObject: {fileID: 159864, guid: bad0018eb9256e6409155981dd5af9a2, type: 2}
  m_PrefabInternal: {fileID: 1040477075}
  serializedVersion: 5
  m_Component:
  - component: {fileID: 1596424104}
  m_Layer: 0
  m_Name: B_L_Finger2
  m_TagString: Untagged
  m_Icon: {fileID: 0}
  m_NavMeshLayer: 0
  m_StaticEditorFlags: 0
  m_IsActive: 1
--- !u!4 &1596424104
Transform:
  m_ObjectHideFlags: 0
  m_PrefabParentObject: {fileID: 459872, guid: bad0018eb9256e6409155981dd5af9a2, type: 2}
  m_PrefabInternal: {fileID: 1040477075}
  m_GameObject: {fileID: 1596424103}
  m_LocalRotation: {x: -0.00039815757, y: 0.00000020484495, z: 0.000000115565555,
    w: 0.99999994}
  m_LocalPosition: {x: -0.17157653, y: -0.03496109, z: -0.019497441}
  m_LocalScale: {x: 1.0000001, y: 1.0000002, z: 0.99999994}
  m_Children:
  - {fileID: 835377512}
  m_Father: {fileID: 1215465980}
  m_RootOrder: 2
  m_LocalEulerAnglesHint: {x: 0, y: 0, z: 0}
--- !u!1 &1680508628
GameObject:
  m_ObjectHideFlags: 0
  m_PrefabParentObject: {fileID: 159920, guid: bad0018eb9256e6409155981dd5af9a2, type: 2}
  m_PrefabInternal: {fileID: 1040477075}
  serializedVersion: 5
  m_Component:
  - component: {fileID: 1680508629}
  m_Layer: 0
  m_Name: B_R_Finger42
  m_TagString: Untagged
  m_Icon: {fileID: 0}
  m_NavMeshLayer: 0
  m_StaticEditorFlags: 0
  m_IsActive: 1
--- !u!4 &1680508629
Transform:
  m_ObjectHideFlags: 0
  m_PrefabParentObject: {fileID: 459920, guid: bad0018eb9256e6409155981dd5af9a2, type: 2}
  m_PrefabInternal: {fileID: 1040477075}
  m_GameObject: {fileID: 1680508628}
  m_LocalRotation: {x: 0.000000010694469, y: -0.000000068767555, z: -0.11640201, w: 0.9932022}
  m_LocalPosition: {x: -0.061423566, y: 0.0000001335144, z: -0.000000095367426}
  m_LocalScale: {x: 0.99999994, y: 1, z: 0.9999999}
  m_Children: []
  m_Father: {fileID: 2090742637}
  m_RootOrder: 0
  m_LocalEulerAnglesHint: {x: 0, y: 0, z: 0}
--- !u!1 &1686785700
GameObject:
  m_ObjectHideFlags: 0
  m_PrefabParentObject: {fileID: 159878, guid: bad0018eb9256e6409155981dd5af9a2, type: 2}
  m_PrefabInternal: {fileID: 1040477075}
  serializedVersion: 5
  m_Component:
  - component: {fileID: 1686785701}
  m_Layer: 0
  m_Name: B_L_Finger41
  m_TagString: Untagged
  m_Icon: {fileID: 0}
  m_NavMeshLayer: 0
  m_StaticEditorFlags: 0
  m_IsActive: 1
--- !u!4 &1686785701
Transform:
  m_ObjectHideFlags: 0
  m_PrefabParentObject: {fileID: 459886, guid: bad0018eb9256e6409155981dd5af9a2, type: 2}
  m_PrefabInternal: {fileID: 1040477075}
  m_GameObject: {fileID: 1686785700}
  m_LocalRotation: {x: 0.000000098168655, y: 0.00000033356727, z: -0.11640229, w: 0.99320215}
  m_LocalPosition: {x: -0.06142326, y: 0.00000022888183, z: 0.00000012397766}
  m_LocalScale: {x: 0.99999976, y: 0.99999994, z: 0.99999964}
  m_Children:
  - {fileID: 282535972}
  m_Father: {fileID: 1538813962}
  m_RootOrder: 0
  m_LocalEulerAnglesHint: {x: 0, y: 0, z: 0}
--- !u!1 &1713253781
GameObject:
  m_ObjectHideFlags: 0
  m_PrefabParentObject: {fileID: 159838, guid: bad0018eb9256e6409155981dd5af9a2, type: 2}
  m_PrefabInternal: {fileID: 1040477075}
  serializedVersion: 5
  m_Component:
  - component: {fileID: 1713253782}
  m_Layer: 0
  m_Name: B_R_Toe0
  m_TagString: Untagged
  m_Icon: {fileID: 0}
  m_NavMeshLayer: 0
  m_StaticEditorFlags: 0
  m_IsActive: 1
--- !u!4 &1713253782
Transform:
  m_ObjectHideFlags: 0
  m_PrefabParentObject: {fileID: 459838, guid: bad0018eb9256e6409155981dd5af9a2, type: 2}
  m_PrefabInternal: {fileID: 1040477075}
  m_GameObject: {fileID: 1713253781}
  m_LocalRotation: {x: 0.000000017086556, y: -0.000000058143495, z: -0.7071068, w: 0.7071068}
  m_LocalPosition: {x: -0.17088115, y: 0.25053588, z: -0.000000009536743}
  m_LocalScale: {x: 1, y: 1, z: 1}
  m_Children: []
  m_Father: {fileID: 1020292006}
  m_RootOrder: 0
  m_LocalEulerAnglesHint: {x: 0, y: 0, z: 0}
--- !u!1 &1782832448
GameObject:
  m_ObjectHideFlags: 0
  m_PrefabParentObject: {fileID: 159886, guid: bad0018eb9256e6409155981dd5af9a2, type: 2}
  m_PrefabInternal: {fileID: 1040477075}
  serializedVersion: 5
  m_Component:
  - component: {fileID: 1782832449}
  m_Layer: 0
  m_Name: B_R_Clavicle
  m_TagString: Untagged
  m_Icon: {fileID: 0}
  m_NavMeshLayer: 0
  m_StaticEditorFlags: 0
  m_IsActive: 1
--- !u!4 &1782832449
Transform:
  m_ObjectHideFlags: 0
  m_PrefabParentObject: {fileID: 459852, guid: bad0018eb9256e6409155981dd5af9a2, type: 2}
  m_PrefabInternal: {fileID: 1040477075}
  m_GameObject: {fileID: 1782832448}
  m_LocalRotation: {x: 0.70710677, y: 0.00028147915, z: 0.70710677, w: -0.00028147915}
  m_LocalPosition: {x: -0.29094252, y: 0.00000010505318, z: -0.057713855}
  m_LocalScale: {x: 1, y: 1, z: 1}
  m_Children:
  - {fileID: 623352404}
  m_Father: {fileID: 264257652}
  m_RootOrder: 2
  m_LocalEulerAnglesHint: {x: 0, y: 0, z: 0}
--- !u!1 &1823025718
GameObject:
  m_ObjectHideFlags: 0
  m_PrefabParentObject: {fileID: 159832, guid: bad0018eb9256e6409155981dd5af9a2, type: 2}
  m_PrefabInternal: {fileID: 1040477075}
  serializedVersion: 5
  m_Component:
  - component: {fileID: 1823025719}
  m_Layer: 0
  m_Name: B_R_Thigh
  m_TagString: Untagged
  m_Icon: {fileID: 0}
  m_NavMeshLayer: 0
  m_StaticEditorFlags: 0
  m_IsActive: 1
--- !u!4 &1823025719
Transform:
  m_ObjectHideFlags: 0
  m_PrefabParentObject: {fileID: 459824, guid: bad0018eb9256e6409155981dd5af9a2, type: 2}
  m_PrefabInternal: {fileID: 1040477075}
  m_GameObject: {fileID: 1823025718}
  m_LocalRotation: {x: -0.04997973, y: 0.99875027, z: 0.0000016922992, w: -0.00000012497962}
  m_LocalPosition: {x: -0, y: -0.00000015109777, z: -0.15105617}
  m_LocalScale: {x: 0.9999999, y: 1, z: 1}
  m_Children:
  - {fileID: 832464789}
  m_Father: {fileID: 1050086173}
  m_RootOrder: 1
  m_LocalEulerAnglesHint: {x: 0, y: 0, z: 0}
--- !u!1 &1829467552
GameObject:
  m_ObjectHideFlags: 0
  m_PrefabParentObject: {fileID: 189282, guid: 16dc4b51d7b30f74a9fd33417596daa7, type: 2}
  m_PrefabInternal: {fileID: 1235316368}
  serializedVersion: 5
  m_Component:
  - component: {fileID: 1829467554}
  - component: {fileID: 1829467553}
  m_Layer: 1
  m_Name: Controls
  m_TagString: Untagged
  m_Icon: {fileID: 0}
  m_NavMeshLayer: 0
  m_StaticEditorFlags: 0
  m_IsActive: 1
--- !u!212 &1829467553
SpriteRenderer:
  m_ObjectHideFlags: 0
  m_PrefabParentObject: {fileID: 21289286, guid: 16dc4b51d7b30f74a9fd33417596daa7,
    type: 2}
  m_PrefabInternal: {fileID: 1235316368}
  m_GameObject: {fileID: 1829467552}
  m_Enabled: 1
  m_CastShadows: 0
  m_ReceiveShadows: 0
  m_MotionVectors: 1
  m_LightProbeUsage: 0
  m_ReflectionProbeUsage: 1
  m_Materials:
  - {fileID: 10754, guid: 0000000000000000f000000000000000, type: 0}
  m_StaticBatchInfo:
    firstSubMesh: 0
    subMeshCount: 0
  m_StaticBatchRoot: {fileID: 0}
  m_ProbeAnchor: {fileID: 0}
  m_LightProbeVolumeOverride: {fileID: 0}
  m_ScaleInLightmap: 1
  m_PreserveUVs: 0
  m_IgnoreNormalsForChartDetection: 0
  m_ImportantGI: 0
  m_SelectedEditorRenderState: 0
  m_MinimumChartSize: 4
  m_AutoUVMaxDistance: 0.5
  m_AutoUVMaxAngle: 89
  m_LightmapParameters: {fileID: 0}
  m_SortingLayerID: 0
  m_SortingLayer: 0
  m_SortingOrder: 0
  m_Sprite: {fileID: 21300000, guid: 19663e3fea6f609468d37dbdcd231930, type: 3}
  m_Color: {r: 1, g: 1, b: 1, a: 1}
  m_FlipX: 0
  m_FlipY: 0
  m_DrawMode: 0
  m_Size: {x: 1, y: 1}
  m_AdaptiveModeThreshold: 0.5
  m_SpriteTileMode: 0
  m_WasSpriteAssigned: 1
  m_MaskInteraction: 0
--- !u!4 &1829467554
Transform:
  m_ObjectHideFlags: 0
  m_PrefabParentObject: {fileID: 489282, guid: 16dc4b51d7b30f74a9fd33417596daa7, type: 2}
  m_PrefabInternal: {fileID: 1235316368}
  m_GameObject: {fileID: 1829467552}
  m_LocalRotation: {x: -0.00000006415836, y: -0.000000073995004, z: -0.00000018427781,
    w: 1}
  m_LocalPosition: {x: 5.36, y: 2.73, z: 6.39}
  m_LocalScale: {x: 1, y: 1, z: 1}
  m_Children:
  - {fileID: 1387945815}
  - {fileID: 2090855566}
  m_Father: {fileID: 377607593}
  m_RootOrder: 0
  m_LocalEulerAnglesHint: {x: 0, y: 0, z: 0}
--- !u!1 &1962604338
GameObject:
  m_ObjectHideFlags: 0
  m_PrefabParentObject: {fileID: 159896, guid: bad0018eb9256e6409155981dd5af9a2, type: 2}
  m_PrefabInternal: {fileID: 1040477075}
  serializedVersion: 5
  m_Component:
  - component: {fileID: 1962604339}
  m_Layer: 0
  m_Name: B_R_Finger01
  m_TagString: Untagged
  m_Icon: {fileID: 0}
  m_NavMeshLayer: 0
  m_StaticEditorFlags: 0
  m_IsActive: 1
--- !u!4 &1962604339
Transform:
  m_ObjectHideFlags: 0
  m_PrefabParentObject: {fileID: 459894, guid: bad0018eb9256e6409155981dd5af9a2, type: 2}
  m_PrefabInternal: {fileID: 1040477075}
  m_GameObject: {fileID: 1962604338}
  m_LocalRotation: {x: -0.000000014566279, y: 0.0000002117513, z: -0.11640206, w: 0.9932022}
  m_LocalPosition: {x: -0.06142326, y: -0.000000114440915, z: 0.000000076293944}
  m_LocalScale: {x: 0.9999999, y: 1.0000001, z: 1.0000001}
  m_Children:
  - {fileID: 476852803}
  m_Father: {fileID: 657260752}
  m_RootOrder: 0
  m_LocalEulerAnglesHint: {x: 0, y: 0, z: 0}
--- !u!1 &2068627635
GameObject:
  m_ObjectHideFlags: 0
  m_PrefabParentObject: {fileID: 159830, guid: bad0018eb9256e6409155981dd5af9a2, type: 2}
  m_PrefabInternal: {fileID: 1040477075}
  serializedVersion: 5
  m_Component:
  - component: {fileID: 2068627636}
  m_Layer: 0
  m_Name: B_L_Toe0
  m_TagString: Untagged
  m_Icon: {fileID: 0}
  m_NavMeshLayer: 0
  m_StaticEditorFlags: 0
  m_IsActive: 1
--- !u!4 &2068627636
Transform:
  m_ObjectHideFlags: 0
  m_PrefabParentObject: {fileID: 459836, guid: bad0018eb9256e6409155981dd5af9a2, type: 2}
  m_PrefabInternal: {fileID: 1040477075}
  m_GameObject: {fileID: 2068627635}
  m_LocalRotation: {x: -0.000000019986096, y: 0.000000019986098, z: -0.7071068, w: 0.7071068}
  m_LocalPosition: {x: -0.1708812, y: 0.25053582, z: 0}
  m_LocalScale: {x: 1, y: 1, z: 1}
  m_Children: []
  m_Father: {fileID: 1157497149}
  m_RootOrder: 0
  m_LocalEulerAnglesHint: {x: 0, y: 0, z: 0}
--- !u!1 &2076474822
GameObject:
  m_ObjectHideFlags: 0
  m_PrefabParentObject: {fileID: 159892, guid: bad0018eb9256e6409155981dd5af9a2, type: 2}
  m_PrefabInternal: {fileID: 1040477075}
  serializedVersion: 5
  m_Component:
  - component: {fileID: 2076474823}
  m_Layer: 0
  m_Name: B_R_Hand
  m_TagString: Untagged
  m_Icon: {fileID: 0}
  m_NavMeshLayer: 0
  m_StaticEditorFlags: 0
  m_IsActive: 1
--- !u!4 &2076474823
Transform:
  m_ObjectHideFlags: 0
  m_PrefabParentObject: {fileID: 459890, guid: bad0018eb9256e6409155981dd5af9a2, type: 2}
  m_PrefabInternal: {fileID: 1040477075}
  m_GameObject: {fileID: 2076474822}
  m_LocalRotation: {x: 0.70682514, y: 0.00000008163955, z: 0.000000050081884, w: 0.70738834}
  m_LocalPosition: {x: -0.25447485, y: -0.000000057220458, z: -0.00000022888183}
  m_LocalScale: {x: 1.0000004, y: 0.99999994, z: 1.0000002}
  m_Children:
  - {fileID: 657260752}
  - {fileID: 1582320801}
  - {fileID: 1583584164}
  - {fileID: 1107466620}
  - {fileID: 2145801207}
  m_Father: {fileID: 113753823}
  m_RootOrder: 0
  m_LocalEulerAnglesHint: {x: 0, y: 0, z: 0}
--- !u!1 &2090742636
GameObject:
  m_ObjectHideFlags: 0
  m_PrefabParentObject: {fileID: 159918, guid: bad0018eb9256e6409155981dd5af9a2, type: 2}
  m_PrefabInternal: {fileID: 1040477075}
  serializedVersion: 5
  m_Component:
  - component: {fileID: 2090742637}
  m_Layer: 0
  m_Name: B_R_Finger41
  m_TagString: Untagged
  m_Icon: {fileID: 0}
  m_NavMeshLayer: 0
  m_StaticEditorFlags: 0
  m_IsActive: 1
--- !u!4 &2090742637
Transform:
  m_ObjectHideFlags: 0
  m_PrefabParentObject: {fileID: 459918, guid: bad0018eb9256e6409155981dd5af9a2, type: 2}
  m_PrefabInternal: {fileID: 1040477075}
  m_GameObject: {fileID: 2090742636}
  m_LocalRotation: {x: -0.000000037203037, y: -0.00000008940951, z: -0.11640201, w: 0.9932022}
  m_LocalPosition: {x: -0.061422653, y: 0.000000114440915, z: 0.00000031948088}
  m_LocalScale: {x: 1.0000004, y: 1, z: 1.0000002}
  m_Children:
  - {fileID: 1680508629}
  m_Father: {fileID: 2145801207}
  m_RootOrder: 0
  m_LocalEulerAnglesHint: {x: 0, y: 0, z: 0}
--- !u!1 &2090855565
GameObject:
  m_ObjectHideFlags: 0
  m_PrefabParentObject: {fileID: 189280, guid: 16dc4b51d7b30f74a9fd33417596daa7, type: 2}
  m_PrefabInternal: {fileID: 1235316368}
  serializedVersion: 5
  m_Component:
  - component: {fileID: 2090855566}
  - component: {fileID: 2090855567}
  m_Layer: 1
  m_Name: Controls3
  m_TagString: Untagged
  m_Icon: {fileID: 0}
  m_NavMeshLayer: 0
  m_StaticEditorFlags: 0
  m_IsActive: 1
--- !u!4 &2090855566
Transform:
  m_ObjectHideFlags: 0
  m_PrefabParentObject: {fileID: 489280, guid: 16dc4b51d7b30f74a9fd33417596daa7, type: 2}
  m_PrefabInternal: {fileID: 1235316368}
  m_GameObject: {fileID: 2090855565}
  m_LocalRotation: {x: 0.0000002415739, y: 0.00000022335256, z: -0.00000039155222,
    w: 1}
  m_LocalPosition: {x: 0, y: -1.26, z: 0}
  m_LocalScale: {x: 1, y: 1, z: 1}
  m_Children: []
  m_Father: {fileID: 1829467554}
  m_RootOrder: 1
  m_LocalEulerAnglesHint: {x: 0, y: 0, z: 0}
--- !u!212 &2090855567
SpriteRenderer:
  m_ObjectHideFlags: 0
  m_PrefabParentObject: {fileID: 21289284, guid: 16dc4b51d7b30f74a9fd33417596daa7,
    type: 2}
  m_PrefabInternal: {fileID: 1235316368}
  m_GameObject: {fileID: 2090855565}
  m_Enabled: 1
  m_CastShadows: 0
  m_ReceiveShadows: 0
  m_MotionVectors: 1
  m_LightProbeUsage: 0
  m_ReflectionProbeUsage: 1
  m_Materials:
  - {fileID: 10754, guid: 0000000000000000f000000000000000, type: 0}
  m_StaticBatchInfo:
    firstSubMesh: 0
    subMeshCount: 0
  m_StaticBatchRoot: {fileID: 0}
  m_ProbeAnchor: {fileID: 0}
  m_LightProbeVolumeOverride: {fileID: 0}
  m_ScaleInLightmap: 1
  m_PreserveUVs: 0
  m_IgnoreNormalsForChartDetection: 0
  m_ImportantGI: 0
  m_SelectedEditorRenderState: 0
  m_MinimumChartSize: 4
  m_AutoUVMaxDistance: 0.5
  m_AutoUVMaxAngle: 89
  m_LightmapParameters: {fileID: 0}
  m_SortingLayerID: 0
  m_SortingLayer: 0
  m_SortingOrder: 0
  m_Sprite: {fileID: 21300000, guid: 8e5cb6b13e58cec42abfc161955e73b8, type: 3}
  m_Color: {r: 1, g: 1, b: 1, a: 1}
  m_FlipX: 0
  m_FlipY: 0
  m_DrawMode: 0
  m_Size: {x: 1, y: 1}
  m_AdaptiveModeThreshold: 0.5
  m_SpriteTileMode: 0
  m_WasSpriteAssigned: 1
  m_MaskInteraction: 0
--- !u!1 &2133259187
GameObject:
  m_ObjectHideFlags: 0
  m_PrefabParentObject: {fileID: 159914, guid: bad0018eb9256e6409155981dd5af9a2, type: 2}
  m_PrefabInternal: {fileID: 1040477075}
  serializedVersion: 5
  m_Component:
  - component: {fileID: 2133259188}
  m_Layer: 0
  m_Name: B_R_Finger32
  m_TagString: Untagged
  m_Icon: {fileID: 0}
  m_NavMeshLayer: 0
  m_StaticEditorFlags: 0
  m_IsActive: 1
--- !u!4 &2133259188
Transform:
  m_ObjectHideFlags: 0
  m_PrefabParentObject: {fileID: 459914, guid: bad0018eb9256e6409155981dd5af9a2, type: 2}
  m_PrefabInternal: {fileID: 1040477075}
  m_GameObject: {fileID: 2133259187}
  m_LocalRotation: {x: 0.0000002643167, y: -9.712722e-10, z: -0.116402, w: 0.9932022}
  m_LocalPosition: {x: -0.073707886, y: -0.00000019073485, z: -0.00000017166137}
  m_LocalScale: {x: 1.0000001, y: 1, z: 1.0000005}
  m_Children: []
  m_Father: {fileID: 1326110374}
  m_RootOrder: 0
  m_LocalEulerAnglesHint: {x: 0, y: 0, z: 0}
--- !u!1 &2136481365
GameObject:
  m_ObjectHideFlags: 0
  m_PrefabParentObject: {fileID: 126160, guid: bad0018eb9256e6409155981dd5af9a2, type: 2}
  m_PrefabInternal: {fileID: 1040477075}
  serializedVersion: 5
  m_Component:
  - component: {fileID: 2136481366}
  - component: {fileID: 2136481367}
  m_Layer: 0
  m_Name: Mesh-Staff
  m_TagString: Untagged
  m_Icon: {fileID: 0}
  m_NavMeshLayer: 0
  m_StaticEditorFlags: 0
  m_IsActive: 1
--- !u!4 &2136481366
Transform:
  m_ObjectHideFlags: 0
  m_PrefabParentObject: {fileID: 426160, guid: bad0018eb9256e6409155981dd5af9a2, type: 2}
  m_PrefabInternal: {fileID: 1040477075}
  m_GameObject: {fileID: 2136481365}
  m_LocalRotation: {x: 0.08715569, y: 0, z: 0, w: 0.9961947}
  m_LocalPosition: {x: 0.40956068, y: 1.2630124, z: -0.6981172}
  m_LocalScale: {x: 1, y: 0.99999994, z: 1}
  m_Children: []
  m_Father: {fileID: 928845074}
  m_RootOrder: 1
  m_LocalEulerAnglesHint: {x: 0, y: 0, z: 0}
--- !u!137 &2136481367
SkinnedMeshRenderer:
  m_ObjectHideFlags: 0
  m_PrefabParentObject: {fileID: 13726160, guid: bad0018eb9256e6409155981dd5af9a2,
    type: 2}
  m_PrefabInternal: {fileID: 1040477075}
  m_GameObject: {fileID: 2136481365}
  m_Enabled: 1
  m_CastShadows: 1
  m_ReceiveShadows: 1
  m_MotionVectors: 1
  m_LightProbeUsage: 0
  m_ReflectionProbeUsage: 1
  m_Materials:
  - {fileID: 2100000, guid: 477b1ce20530f594b87bce7fe5ba012a, type: 2}
  m_StaticBatchInfo:
    firstSubMesh: 0
    subMeshCount: 0
  m_StaticBatchRoot: {fileID: 0}
  m_ProbeAnchor: {fileID: 0}
  m_LightProbeVolumeOverride: {fileID: 0}
  m_ScaleInLightmap: 1
  m_PreserveUVs: 0
  m_IgnoreNormalsForChartDetection: 0
  m_ImportantGI: 0
  m_SelectedEditorRenderState: 3
  m_MinimumChartSize: 4
  m_AutoUVMaxDistance: 0.5
  m_AutoUVMaxAngle: 89
  m_LightmapParameters: {fileID: 0}
  m_SortingLayerID: 0
  m_SortingLayer: 0
  m_SortingOrder: 0
  serializedVersion: 2
  m_Quality: 0
  m_UpdateWhenOffscreen: 0
  m_SkinnedMotionVectors: 1
  m_Mesh: {fileID: 4300010, guid: 7c72ed3f90575084c9f3b5b585887182, type: 3}
  m_Bones:
  - {fileID: 2076474823}
  m_BlendShapeWeights: []
  m_RootBone: {fileID: 2076474823}
  m_AABB:
    m_Center: {x: -0.24831066, y: 0.013522338, z: 0.18534428}
    m_Extent: {x: 0.3078309, y: 0.13697948, z: 0.9011534}
  m_DirtyAABB: 0
--- !u!1 &2145801206
GameObject:
  m_ObjectHideFlags: 0
  m_PrefabParentObject: {fileID: 159916, guid: bad0018eb9256e6409155981dd5af9a2, type: 2}
  m_PrefabInternal: {fileID: 1040477075}
  serializedVersion: 5
  m_Component:
  - component: {fileID: 2145801207}
  m_Layer: 0
  m_Name: B_R_Finger4
  m_TagString: Untagged
  m_Icon: {fileID: 0}
  m_NavMeshLayer: 0
  m_StaticEditorFlags: 0
  m_IsActive: 1
--- !u!4 &2145801207
Transform:
  m_ObjectHideFlags: 0
  m_PrefabParentObject: {fileID: 459916, guid: bad0018eb9256e6409155981dd5af9a2, type: 2}
  m_PrefabInternal: {fileID: 1040477075}
  m_GameObject: {fileID: 2145801206}
  m_LocalRotation: {x: 0.00039836214, y: -0.000000048407983, z: 0.00000005217334,
    w: 0.99999994}
  m_LocalPosition: {x: -0.17157677, y: -0.03489704, z: -0.061354097}
  m_LocalScale: {x: 1.0000002, y: 1.0000011, z: 1.0000011}
  m_Children:
  - {fileID: 2090742637}
  m_Father: {fileID: 2076474823}
  m_RootOrder: 4
  m_LocalEulerAnglesHint: {x: 0, y: 0, z: 0}
